3224 4964
669 335 888 398 ...19..

193 532 227 600 Si
251 533 317 614 hic,
334 541 371 597 ut
389 528 540 611 equidem
565 531 763 610 putaverim,
788 530 895 595 tacita
919 523 1056 608 quadarn
1085 527 1265 592 offensione
1284 547 1369 592 oom-

194 648 311 721 motus,
337 657 421 719 quae
446 639 576 718 quidem
604 648 821 718 remanserat,
847 638 945 702 etiam
972 656 1043 701 cum
1069 637 1153 700 male
1176 636 1369 700 existimare

194 749 352 826 desierat,
389 764 423 810 se
460 747 619 826 continet,
656 747 690 810 in
727 745 888 823 proximis
918 745 1063 823 dialogis
1088 751 1216 808 tantum
1241 743 1369 805 arbiter

194 853 376 918 benevolus
407 852 711 930 calumniarumque
744 852 875 930 vindex,
908 851 1047 914 nondum
1074 851 1199 913 amicus
1225 848 1369 912 existere

196 979 296 1025 ausus
333 969 393 1024 est.
441 959 558 1024 Adhuc
593 961 813 1024 haesitantem
850 959 882 1023 iu
920 958 1206 1022 criminationibus
1234 957 1369 1020 iniustis

195 1066 399 1145 repellendis
424 1085 495 1130 eum
527 1067 677 1132 videmus
701 1067 733 1129 in
760 1066 837 1129 dial.
862 1065 907 1145 II,
935 1071 985 1145 15,
1010 1070 1041 1144 4,
1076 1066 1130 1128 ubi
1157 1065 1370 1142 reprehensis

197 1174 247 1254 iis,
272 1175 328 1253 qui
354 1174 535 1252 Epicurum
561 1174 677 1237 mollia
708 1192 746 1236 ac
771 1173 938 1236 desidiosa
962 1173 1158 1250 praecipere
1183 1171 1370 1250 opinentur,

196 1273 316 1346 dictum
354 1271 437 1360 ciue,
473 1298 550 1343 raro
587 1278 753 1344 fortunam
789 1279 932 1357 sapienti
965 1280 1182 1358 intervenire,
1216 1279 1369 1355 ambigue

194 1388 309 1452 laudat
334 1388 541 1454 exclamans:
576 1385 700 1468 „Quam
731 1402 833 1466 paene
863 1388 974 1451 emisit
1000 1387 1062 1451 viri
1089 1386 1239 1451 voceml“
1289 1385 1370 1449 Con·
1447 1395 1451 1403 '

194 1494 351 1558 fidentius
376 1511 447 1556 eum
474 1491 623 1560 defendit
646 1494 679 1557 in
705 1492 781 1560 dial.
807 1493 882 1574 Vll,
914 1499 965 1574 12,
990 1497 1027 1556 4:
1062 1493 1199 1572 „Itaque
1230 1512 1294 1556 non
1331 1493 1371 1555 ab

195 1601 343 1680 Epicuro
367 1600 497 1678 impulsi
523 1599 746 1681 luxuriantur,
772 1601 829 1664 sed
849 1601 944 1664 vitiis
962 1600 1064 1664 dediti
1091 1599 1254 1664 luxuriam
1280 1619 1371 1664 suam

197 1709 230 1770 in
267 1707 497 1786 philosophiae
530 1708 604 1771 sinn
629 1706 836 1771 abscondunt
860 1715 894 1770 et
919 1725 957 1770 eo
983 1715 1197 1786 concurrunt,
1235 1707 1291 1769 ubi
1316 1725 1371 1769 au·

198 1812 293 1877 diunt
317 1813 444 1876 laudari
470 1814 687 1892 voluptatem.
735 1815 803 1878 Nec
828 1815 1017 1892 aestimant,
1042 1815 1196 1893 voluptas
1220 1813 1371 1893 illaEpi·

198 1921 279 2001 6111,
296 1920 344 1983 ita
362 1919 444 1983 enim
464 1921 671 1985 mehercules
688 1922 809 1999 sentio,
836 1939 929 1999 quarn
949 1922 1062 1984 sobria
1078 1940 1117 1984 ac
1134 1921 1222 1984 sicea
1240 1920 1303 1986 sit.
1319 1974 1326 1987 .
1342 1921 1369 1986 .“

196 2035 229 2091 et
254 2027 332 2090 ibid.
359 2046 385 2094 6.
414 2033 466 2105 13,
493 2033 509 2091 1
544 2029 601 2108 „In
628 2047 666 2090 ea
692 2028 821 2106 quidem
851 2030 924 2108 ipsa
948 2029 1116 2092 sententia
1139 2047 1220 2108 sum,
1255 2028 1372 2092 invitis

196 2135 258 2199 hec
293 2135 420 2198 nostris
457 2135 673 2213 popularibus
710 2135 825 2215 dicam,
863 2144 979 2199 sancta
1004 2136 1184 2215 Epicurum
1222 2143 1256 2201 et
1279 2148 1372 2199 recta

197 2241 391 2318 praecipere
417 2247 460 2320 et,
497 2241 527 2304 si
552 2241 686 2320 propius
711 2243 906 2323 accesseris
937 2244 1068 2306 tristia:
1106 2243 1261 2322 voluptas
1286 2244 1370 2306 enim

197 2345 256 2409 illa
296 2345 336 2409 ad
376 2362 512 2425 parvum
553 2357 586 2412 et
623 2349 710 2412 exile
746 2358 925 2414 revocatur
961 2358 995 2413 et
1031 2369 1125 2429 quam
1159 2368 1219 2414 nos
1252 2351 1371 2414 virtuti

196 2451 303 2530 legem
329 2453 480 2533 dicimus
517 2472 587 2518 eam
613 2455 670 2518 ille
696 2455 778 2520 dicit
802 2457 985 2536 voluptati:
1020 2458 1113 2521 iubet
1137 2457 1227 2520 illam
1255 2473 1372 2535 parere

196 2567 436 2624 naturae...
474 2561 591 2640 Itaque
626 2581 692 2625 non
730 2563 846 2638 dicam,
884 2564 969 2642 qnod
994 2565 1146 2643 plerique
1171 2572 1371 2643 nostrorum,

195 2673 319 2730 sectam
348 2666 486 2743 Epicuri
522 2667 725 2747 flagitiorum
751 2671 945 2748 magistram
971 2689 1054 2750 6666,
1091 2671 1149 2734 661
1173 2671 1256 2735 illud
1282 2672 1370 2735 dico:

195 2773 281 2836 male
305 2773 409 2854 audit,
436 2772 568 2837 infamis
594 2781 655 2854 est,
680 2783 715 2838 et
738 2776 929 2843 inmerit0“.

303 2897 417 2976 Longe
453 2896 562 2978 aliam,
598 2905 636 2962 ut
670 2898 750 2979 dixi,
786 2901 948 2964 rationem
974 2901 1007 2964 in
1031 2903 1209 2978 postremis
1234 2903 1372 2979 scriptis

198 3003 364 3078 seqnitur:
405 3005 562 3082 congruit
586 3023 657 3069 cum
682 3005 830 3084 Epicuro
855 3009 889 3070 in
914 3007 1062 3071 omnibus
1086 3010 1198 3088 rebus,
1224 3027 1307 3087 quae
1331 3009 1371 3072 ad

198 3113 290 3170 recte
324 3110 499 3174 vivendum
536 3112 762 3191 virtutemque
798 3114 1029 3190 praestandam
1055 3114 1287 3193 adhortantur,
1317 3114 1371 3178 ad·

199 3222 353 3278 versatur
401 3217 431 3279 61
475 3217 507 3281 in
557 3219 601 3283 iis
647 3220 911 3301 quaestionibus,
956 3239 1039 3300 quae
1081 3221 1122 3284 ad
1162 3220 1370 3299 disciplinam

197 3321 426 3400 rationemque
461 3324 636 3404 utriusque
672 3327 805 3391 scholae
830 3328 986 3391 attinent.
1036 3328 1214 3406 Epicurum
1241 3328 1369 3406 quidem

198 3428 303 3504 ipsum
328 3429 483 3508 vitaeque
508 3432 579 3495 cius
605 3433 786 3510 exemplum
812 3451 942 3511 semper
964 3434 1119 3497 laudibus
1144 3433 1249 3515 effert,
1280 3436 1372 3500 velut

198 3552 248 3612 ep.
274 3539 326 3617 33,
353 3541 382 3617 2,
419 3537 475 3600 ubi
511 3537 704 3616 profitetur:
744 3539 849 3617 „apud
886 3558 936 3603 me
973 3540 1141 3617 Epicurus
1178 3549 1229 3605 est
1262 3541 1371 3618 fertis,

197 3640 278 3706 licet
302 3643 509 3710 manuleatus
535 3644 611 3724 sit“,
643 3645 698 3710 vel
723 3663 773 3722 ep.
799 3651 851 3721 66,
876 3651 929 3726 47,
962 3647 1016 3708 ubi
1043 3645 1275 3712 fortitudinem
1300 3650 1371 3712 eius

197 3749 378 3831 praedicat,
414 3752 470 3830 qui
507 3750 592 3814 diem
629 3751 843 3814 maximorum
879 3754 1031 3830 corporis
1065 3753 1213 3818 dolorum
1240 3757 1371 3819 beatum

197 3856 321 3922 dixerit
345 3859 399 3934 (cl.
426 3878 476 3937 ep.
499 3866 550 3940 92,
576 3857 643 3940 25),
668 3860 722 3927 vel
747 3876 797 3940 cp.
824 3865 874 3940 18,
901 3866 930 3940 9,
956 3861 1011 3924 ubi
1038 3863 1273 3927 abstinentiam
1299 3863 1371 3925 eius

197 3961 320 4041 laudat,
345 3966 401 4042 qui
425 3974 536 4030 certes
562 3967 632 4030 dies
657 3968 721 4030 sibi
748 3969 902 4049 elegerit,
939 3968 1058 4047 quibus
1084 3970 1228 4048 maligue
1253 3968 1369 4031 famem

197 4067 439 4144 exstingueret.
499 4075 693 4138 Assentitur
727 4075 759 4137 in
797 4075 1005 4155 simplicibus
1034 4076 1293 4139 monitionibus:
1330 4093 1370 4138 ne

197 4171 357 4237 adversus
392 4180 578 4251 praeterita
613 4181 716 4245 simus
751 4182 876 4260 ingrati
915 4181 967 4250 (dc
1003 4182 1076 4244 ben.
1101 4181 1163 4261 ΠΙ,
1192 4185 1223 4261 4,
1253 4179 1281 4263 1)
1317 4183 1371 4247 161

197 4285 334 4344 mortem
371 4297 412 4344 ne
440 4282 614 4348 timeamus
640 4289 700 4365 (ep.
726 4291 778 4368 30,
805 4287 879 4366 14);
915 4286 1073 4351 iudicium
1098 4288 1169 4350 cius
1194 4290 1314 4367 probat
1337 4288 1371 4352 in
