3224 4964
263 1693 448 1757 Mirandum
473 1694 506 1756 in
532 1692 659 1756 modum
685 1690 819 1756 fortuna
846 1692 879 1754 in
897 1691 1085 1768 philosophi
1105 1689 1329 1755 Cordubensis

159 1803 259 1864 rebus
296 1799 461 1864 dominata
502 1807 567 1863 est:
604 1818 697 1863 amor
734 1797 922 1878 odiumque,
959 1815 1043 1876 quae
1081 1798 1150 1862 vivi
1174 1795 1331 1874 vestigiis

159 1908 369 1986 insistebant,
394 1908 448 1972 vel
473 1926 492 1971 a
510 1915 638 1971 mortuo
657 1904 815 1969 recedere
833 1905 1022 1984 noluerunt,
1047 1903 1133 1968 idem
1153 1904 1331 1967 clamorum

158 2015 191 2078 in
216 2015 350 2079 diversa
378 2015 569 2078 vocantium
600 2013 772 2093 strepitus,
804 2012 859 2089 qui
885 2011 1077 2098 educatoris
1102 2009 1332 2089 praepotentis

160 2132 260 2200 caput
285 2122 564 2201 circumsonabat,
589 2121 690 2184 etiam
708 2120 822 2183 Manes
848 2119 1022 2196 exagitare
1047 2127 1081 2182 et
1106 2120 1201 2197 quasi
1228 2119 1261 2180 in
1279 2118 1331 2180 ius

159 2247 280 2293 vocare
305 2247 370 2291 non
396 2228 507 2294 desiit.
544 2226 608 2291 Sed
624 2227 696 2292 sive
714 2227 841 2304 ingenii
859 2227 1068 2303 praestantia
1086 2225 1331 2302 altitudineque

160 2335 260 2396 animi
298 2334 388 2411 capti
425 2332 675 2397 admirabantur
712 2335 862 2397 homines
899 2334 971 2398 sive
1008 2333 1128 2397 ardore
1164 2333 1198 2397 in
1227 2333 1330 2398 vitam

162 2457 335 2517 moresque
359 2439 519 2504 minutius¹
544 2440 838 2518 scrupulosiusqne
862 2439 1049 2519 inquirendi
1080 2439 1171 2505 ducti
1203 2440 1332 2503 obtrec-

159 2548 285 2626 tabant,
310 2548 382 2610 sive
407 2547 535 2624 scripta
560 2547 631 2612 eins
664 2566 737 2611 cum
762 2546 929 2626 evangelii
955 2548 1077 2611 lumine
1103 2553 1332 2624 comparantes

159 2654 366 2718 extollebant
402 2655 473 2718 sive
510 2662 547 2717 ut
581 2655 754 2732 popularis
783 2655 875 2718 illius
905 2656 1066 2733 temporis
1097 2653 1329 2732 philosophiae

158 2760 357 2839 quisquilias
394 2759 636 2837 deprimebant:
672 2761 705 2824 in
740 2763 801 2826 hoc
838 2780 901 2825 nno
928 2779 1039 2826 omnes
1065 2761 1328 2840 consentiebant,

158 2865 340 2931 sententias
365 2868 455 2944 ipsas
473 2877 510 2932 nt
527 2867 625 2931 unius
649 2869 798 2934 auctoris
816 2871 864 2932 ita
882 2874 978 2932 00100
997 2868 1131 2932 00001111
1147 2866 1332 2945 mentisque

159 2991 240 3037 esse.
281 2975 339 3038 Sin
364 2982 472 3037 autem
498 2975 717 3052 philosophus
742 2976 796 3039 hic
821 2976 894 3039 illic
919 2975 983 3039 sibi
1007 2993 1071 3039 000
1098 2983 1252 3039 constare
1277 2973 1332 3038 vel

160 3096 268 3142 secum
293 3081 473 3145 dissentire
493 3081 679 3163 videbatur,
709 3101 792 3160 quae
810 3083 983 3146 excusatio
1003 3083 1109 3161 magis
1127 3083 1330 3159 inpromptu

159 3201 232 3248 esse
257 3194 389 3262 poterat
412 3206 508 3266 qnam
533 3189 574 3252 ab
599 3188 732 3266 ingenio
757 3196 824 3252 tam
850 3189 964 3253 mobili
983 3188 1233 3267 abnndantique
1256 3205 1331 3251 con·

159 3309 290 3355 sensum
321 3303 579 3373 concentumque
613 3297 664 3359 sni
689 3294 892 3359 abhorrere?
941 3296 1009 3360 Neo
1034 3294 1186 3372 profecto
1212 3294 1331 3374 negari

159 3406 280 3480 potest,
318 3399 351 3462 in
391 3401 527 3479 scriptis
564 3403 646 3484 eins,
680 3405 878 3480 praesertim
912 3405 946 3467 10
973 3404 1139 3468 varietate
1164 3403 1331 3466 mutabili-

158 3513 293 3583 tateque
320 3508 547 3588 epistolarum,
572 3510 656 3574 satis
680 3528 831 3588 magnam
858 3511 1073 3588 crebramque
1091 3510 1331 3574 sententiarum

159 3612 416 3691 discrepantiam
452 3615 613 3694 inveniri;
651 3615 729 3695 qnid
766 3617 851 3680 enim
894 3617 1016 3681 homini
1055 3625 1123 3681 tam
1159 3625 1257 3681 acuto
1298 3624 1331 3681 et

158 3720 279 3783 subitis
297 3720 544 3801 inopinatisque
562 3722 822 3800 cogitationibus
834 3722 1006 3786 admodum
1021 3723 1163 3787 obnoxio
1177 3721 1331 3787 accidere

159 3844 222 3889 non
246 3827 382 3902 potuit?
429 3829 652 3893 Nihilominus
683 3829 784 3908 longe
814 3831 915 3893 aliter
948 3838 1048 3908 atque
1073 3831 1107 3893 in
1132 3830 1257 3894 talibus
1282 3831 1330 3893 in-

161 3935 368 3997 constantiae
395 3936 566 4000 erroribus
591 3936 693 3999 iniis
730 3938 969 4001 sententiarum
996 3936 1250 4001 diversitatibus
1274 3955 1329 4000 res

161 4039 332 4118 sehabet,
358 4061 442 4119 quae
474 4042 515 4106 ad
545 4044 637 4119 ipsos
668 4042 897 4120 philosophiae
923 4047 1122 4108 Annaeanae
1147 4043 1271 4122 gradus
1297 4051 1330 4106 et

159 4146 254 4222 qnasi
280 4164 457 4223 processus
485 4148 694 4213 revocandae
724 4150 802 4212 mihi
833 4167 906 4213 esse
935 4149 1101 4215 videntur.
1149 4150 1213 4214 Ubi
1243 4149 1328 4212 enim

158 4269 269 4316 veram
322 4254 512 4332 philosophi
566 4263 718 4319 naturam
775 4256 966 4320 accuratius
1030 4273 1232 4334 cognoscere
1279 4274 1330 4319 sa·

158 4360 293 4439 orisque
330 4363 402 4425 eins
436 4361 552 4425 melius
588 4363 718 4426 initiari
755 4381 929 4440 possumus
966 4380 1060 4440 quam
1099 4363 1132 4426 in
1157 4363 1201 4427 iis
1226 4370 1329 4427 muta·
