3224 4964
667 405 969 482 '—1o-

271 611 402 690 quidam
426 614 520 677 locus
555 611 686 696 (contra
718 613 847 677 Celsum
866 615 923 695 VI,
948 610 990 696 7),
1017 617 1085 697 qui,
1111 617 1173 682 etsi
1199 619 1307 696 planis
1332 619 1444 684 verbis

269 713 366 796 λόγον
400 722 532 798 πνεῦμα
559 712 753 798 Υσωματικόν
790 739 864 784 esse
902 721 1061 804 declarat,
1098 724 1246 802 locuples
1279 727 1378 789 testis
1403 727 1443 788 ah

271 826 465 890 adversario
490 836 606 892 nostro
631 845 696 890 non
723 827 922 893 admittitur.
974 829 1082 892 Verba
1107 841 1214 894 autern
1241 833 1323 895 haec
1348 840 1467 895 suntz·

273 927 382 1009 „haud
408 930 470 1010 μὲν
495 911 554 993 οὖν
576 928 651 1002 τούς
675 923 745 994 όπό
769 936 824 1015 τῆς
848 937 961 1003 στοᾶς.
979 987 1006 998 ..
1033 937 1086 997 καί
1110 929 1127 996 ό
1153 933 1245 1014 λόγος
1269 942 1329 998 τοῦ
1359 939 1444 998 θεοῦ

269 1031 288 1098 ό
312 1041 408 1120 μέχρι
432 1033 621 1122 ἀνθρώπων
645 1040 697 1100 καὶ
721 1043 785 1101 τῶν
809 1035 985 1117 ἐλαχίστων
1009 1045 1216 1121 καταβαίνων
1247 1035 1342 1106 οὐδὲν
1365 1039 1444 1105 ἄλλο

270 1141 356 1206 ἐστὶν
371 1133 393 1229 ἢ
408 1147 543 1226 πνεῦμα
559 1142 763 1226 σωματικόνιι
791 1145 915 1230 (Zeller
928 1149 990 1228 ill,
1008 1155 1040 1212 1Β
1058 1171 1087 1228 p.
1104 1152 1189 1227 142).
1225 1153 1319 1214 Hunc
1336 1152 1443 1215 locum

271 1271 342 1316 cnm
367 1255 493 1318 Heinze
527 1275 546 1318 a
579 1256 710 1320 sincera
742 1255 974 1332 philosophiae
1007 1257 1139 1321 Stoicae
1171 1257 1277 1321 forma
1310 1259 1444 1335 longius

270 1368 431 1424 remotum
451 1363 673 1438 posteriorum
690 1367 877 1439 temporum
896 1364 1040 1426 colorem
1059 1366 1204 1428 traxisse
1221 1373 1288 1429 tum
1311 1371 1346 1432 Α,
1367 1364 1441 1427 hall

271 1467 538 1531 Christianorum
565 1470 777 1546 opinionibus
802 1470 961 1534 imbutum
987 1487 1060 1536 esse
1089 1481 1299 1549 putaverunt.
1348 1473 1445 1535 Licet

271 1591 351 1638 uero
387 1593 449 1638 non
488 1577 618 1639 omnino
657 1594 697 1638 ex
734 1593 815 1652 puro
859 1577 1053 1656 liquidoque
1097 1579 1307 1657 antiquitatis
1350 1579 1442 1642 fonte

271 1679 435 1758 Origenes
465 1682 631 1761 hauserit,
671 1687 780 1744 tamen
822 1684 895 1759 ipsa
919 1684 1156 1748 elementorum
1198 1687 1444 1750 insociabilium

271 1789 448 1866 permixtio
475 1789 669 1852 documento
704 1807 777 1852 esse
808 1798 931 1867 potest,
963 1790 1089 1869 aliquid
1119 1791 1246 1870 integri
1273 1795 1444 1869 incorrup-
1477 1869 1481 1875 ⁵

269 1896 362 1973 tique
389 1903 618 1959 conservatum
652 1913 734 1958 esse.
784 1896 857 1960 Sint
897 1897 999 1960 verba
1031 1891 1166 1974 ὀλίγος
1187 1899 1248 1957 τοῦ
1273 1901 1356 1958 θεοῦ
1379 1918 1441 1960 non

270 2020 310 2065 ex
345 2009 439 2066 recta
475 2001 630 2080 loquendi
669 2001 908 2066 consuetudine
939 2003 1124 2067 Stoicorum
1164 2012 1314 2068 veterum
1351 2002 1442 2082 (vide

270 2116 379 2172 autem
405 2101 422 2168 ὁ
446 2110 506 2168 τοῦ
529 2101 608 2177 Διὸς
631 2103 723 2186 λόγος
747 2110 835 2174 Plut.
862 2109 900 2172 de
926 2109 1027 2175 Stoic.
1054 2128 1192 2189 repugn.
1217 2115 1365 2186 47,1056
1384 2110 1443 2185 CL),

272 2224 363 2280 certe
388 2217 490 2280 verba
515 2207 532 2275 ὁ
557 2219 651 2297 μέχρι
676 2209 864 2297 α’νθρόττων
887 2216 941 2276 καὶ
966 2211 1139 2294 ἐλαχίστων
1157 2218 1362 2297 καταβαίνων
1379 2236 1442 2279 non

272 2323 513 2402 adimaginem
548 2323 725 2388 referenda
756 2330 842 2404 sunt,
878 2343 971 2402 quam
999 2325 1037 2387 de
1062 2325 1292 2388 incarnatione
1318 2323 1444 2388 Christi

272 2439 390 2494 auctor
426 2432 533 2494 animo
571 2433 774 2512 conceperit,
812 2429 871 2496 sed
906 2430 947 2494 ad
977 2432 1095 2510 dogma
1125 2431 1213 2496 istud
1245 2432 1444 2511 Stoicorum,

272 2537 451 2601 secundum
476 2537 560 2616 quod
587 2539 729 2616 spiritus
747 2538 878 2602 divinus
896 2557 956 2616 per
973 2538 1081 2602 omnia
1098 2539 1238 2602 maxima
1256 2548 1289 2603 et
1312 2539 1445 2600 minima

273 2643 470 2709 diffunditur
493 2639 630 2727 (dialog.
644 2645 776 2726 xiia).
817 2645 909 2709 Nihil
927 2645 1040 2724 utique
1066 2648 1188 2727 obstat,
1214 2647 1386 2723 quominus
1408 2663 1444 2707 re

272 2754 355 2831 ipsa,
403 2771 476 2816 cum
522 2753 684 2818 rationem
726 2754 879 2830 spiritum
920 2753 1084 2832 quendam
1125 2753 1330 2830 corporalem
1372 2769 1444 2815 esse

272 2859 426 2939 affirmat,
455 2877 569 2924 veram
600 2860 786 2932 Stoicorum
811 2855 1009 2924 sententiam
1036 2861 1200 2938 Origenes
1225 2860 1443 2938 expresserit.

272 2967 353 3030 Nam
379 2985 427 3046 ea,
453 2985 536 3045 quae
560 2974 745 3045 temporum
770 2967 981 3046 iniquitatem
1006 2976 1250 3045 superaverunt
1274 2968 1373 3031 huius
1394 2967 1444 3029 rei

274 3073 417 3151 vestigia
440 3092 548 3137 nonne
574 3093 669 3152 quam
694 3076 843 3154 proxime
868 3073 907 3138 ad
933 3075 1016 3138 hane
1041 3076 1239 3139 sententiam
1262 3071 1445 3138 accedunt?

274 3183 560 3258 Supervacaneuu]
596 3189 649 3245 est
682 3182 716 3244 in
748 3182 906 3263 locorum,
942 3183 997 3260 qui
1021 3183 1085 3245 huc
1110 3183 1290 3260 pertinent,
1315 3182 1444 3245 turham

275 3287 495 3353 descendere:
538 3289 707 3353 notissimi
744 3296 836 3368 sunt;
879 3308 984 3366 pauca
1021 3290 1153 3368 eligam.
1208 3289 1376 3353 Eusebius
1411 3289 1446 3351 in

275 3415 427 3475 praepar.
453 3411 569 3476 evang.
594 3396 819 3478 Porphyrium
843 3405 959 3461 contra
983 3397 1147 3460 Boethum
1172 3397 1235 3460 hoo
1268 3396 1445 3472 scripsisse

274 3502 442 3567 tradidit.
456 3494 549 3564 Ἐπεὶ
572 3500 607 3564 δὲ
629 3496 669 3564 τὰ
689 3497 825 3581 σοίματό
848 3503 915 3565 ἐστι
939 3497 1036 3584 φύσει
1058 3498 1243 3586 τεθνηκότα
1268 3503 1323 3563 καὶ
1346 3495 1445 3582 νεκρὰ

275 3610 331 3671 καὶ
355 3613 571 3695 πεφορημένα
607 3610 662 3670 καί
698 3601 768 3672 οὐδ’
803 3605 839 3672 ἐν
873 3602 980 3694 ταότῴ
1014 3614 1167 3692 μένοντα,
1204 3589 1256 3691 αἶρ’
1291 3600 1363 3686 adp
1386 3610 1446 3669 τοῦ

275 3718 469 3789 καθέξοντος
504 3710 613 3786 αὐτοῖς
648 3718 712 3789 δεῑ;
750 3765 846 3782 .....
859 3719 891 3778 τί
926 3701 985 3778 οὖν
1020 3713 1086 3779 ἐστι
1116 3710 1152 3778 τό
1177 3718 1392 3800 κατασχῆσον;
1416 3708 1447 3775 εί

275 3845 337 3902 μεν
372 3824 410 3904 δη
444 3844 498 3885 και
533 3844 630 3884 τουτο
666 3844 716 3909 ειη
752 3828 854 3903 σῶμα,
891 3818 970 3894 Διὸς
1005 3827 1143 3905 οωτνρος
1179 3824 1273 3885 δοκεῖ
1304 3814 1345 3884 ἂν
1371 3818 1445 3900 ἐμοὶ

276 3932 436 4016 δεηθῆναι
465 3925 544 3992 αὐτὸ
577 3926 831 4011 παραλυόμενον
861 3932 915 3992 καὶ
943 3926 1171 4009 σκιδνάμενον·
1198 3925 1229 3991 εἰ
1251 3934 1364 4009 μέντοι
1387 3924 1446 4011 χρὴ

277 4033 354 4100 αὐτὸ
397 4029 611 4122 ἄττηλλόχθαο
648 4041 702 4120 τῆς
740 4039 804 4100 τῶν
843 4037 1002 4116 σωμάτων
1041 4033 1162 4120 πάθης,
1184 4035 1258 4098 ,ἵνα
1282 4029 1446 4106 κόκείνοος

277 4149 485 4230 κεκνημίνοος
508 4141 567 4224 τὴν
591 4142 725 4228 φθορὰν
749 4137 889 4225 οἷμόνεον
913 4141 1048 4230 δύνηται
1071 4145 1125 4206 καὶ
1149 4149 1276 4227 κατέχη,
1295 4141 1369 4223 ἐμοὶ
1385 4142 1446 4223 μὲν

277 4247 315 4314 οὗ
351 4253 443 4315 δοκεῖ
475 4248 555 4315 ἄλλο
589 4276 622 4314 το
659 4243 745 4314 εἶναι
779 4241 801 4334 ἢ
833 4247 936 4331 μόνον
972 4273 1005 4330 γε
1036 4247 1073 4313 τό
1107 4246 1281 4331 α’σόματον
1306 4249 1446 4315 κ.τ.λ.“

280 4365 429 4438 Apparet
452 4362 685 4442 Porphyrium,
711 4363 739 4424 si
765 4360 842 4440 quid
868 4379 1007 4439 unquam
1034 4361 1073 4424 de
1090 4363 1288 4438 incorporea
1305 4360 1447 4423 rationis
