3224 4964
770 345 990 414 -3g„.

273 543 418 611 tenuis.“
464 546 554 610 Luce
580 546 704 611 clarius
730 553 783 611 est
807 547 893 611 hunc
917 545 1026 610 locum
1047 547 1142 611 illins
1159 545 1342 624 exemplum
1361 563 1447 622 esse,

273 652 312 716 ad
331 652 524 718 imitandum
542 654 716 731 postmodo
734 653 969 731 proprositum.
1000 654 1080 718 Nam
1099 660 1136 718 ut
1152 652 1300 717 limatius
1317 652 1447 717 dicendi

273 778 378 838 genus
395 762 428 825 in
447 761 665 838 epistularum
682 760 741 824 illo
755 761 827 824 loco
841 760 1023 826 adhibitum
1038 762 1198 841 omittam,
1217 768 1445 840 argumentum

273 869 358 932 nihil
390 867 480 932 dubii
514 867 706 946 relinquens
735 868 769 931 in
794 870 896 933 verbo
924 870 1138 947 ‚,bracteata“
1166 869 1266 932 situm
1292 876 1353 932 cst.
1402 869 1445 934 Ut

274 976 360 1039 enim
397 976 587 1054 elegantiae
624 974 808 1053 iudiciique
844 983 896 1040 est
927 976 1074 1052 parietes
1104 976 1228 1040 crustis
1252 977 1446 1039 marmoreis

273 1101 436 1147 exornare
461 1086 625 1163 (ep.86,6
662 1090 795 1147 crustae
831 1080 1050 1165 Numidicae),
1090 1083 1139 1147 ita
1172 1082 1319 1160 ineptum
1344 1082 1446 1146 insul·

273 1208 409 1268 sumque
434 1190 490 1271 sit,
516 1190 600 1253 idem
626 1189 771 1254 bracteis
796 1189 907 1254 facere
933 1190 1031 1256 velle.
1072 1189 1150 1254 Cum
1176 1197 1284 1253 autem
1311 1191 1446 1254 verbum

274 1297 377 1360 solnm
404 1304 516 1374 aptum
549 1298 613 1362 iam
650 1305 879 1376 consumptum
904 1304 1003 1379 esset,
1037 1305 1171 1361 coactus
1196 1304 1230 1361 et
1253 1281 1446 1362 necessario

275 1404 365 1468 aliud
408 1412 524 1482 postea
565 1406 761 1469 vocabulum
794 1405 899 1484 elegit
942 1405 1082 1485 Seneca,
1119 1404 1206 1483 quod
1237 1403 1278 1468 ad
1315 1423 1443 1468 sensum

274 1529 368 1589 quam
406 1511 555 1588 proxime
591 1510 776 1576 accederet.
825 1512 891 1576 Res
927 1511 1002 1575 ideo
1037 1511 1179 1574 alicuius
1204 1512 1359 1575 momenti
1384 1521 1444 1594 est,

275 1617 360 1697 quod
385 1619 474 1683 inter
498 1619 591 1683 viros
627 1617 743 1683 doctos
778 1637 844 1682 non
879 1618 1139 1698 satis-constat,
1176 1625 1283 1682 utrum
1321 1620 1442 1697 primns

274 1725 428 1806 dialogus
454 1727 604 1791 ultimum
629 1745 669 1790 an
695 1728 735 1790 ab
765 1727 883 1791 ultimo
917 1727 1101 1804 proximum
1127 1744 1209 1805 opus
1235 1729 1445 1790 Annaeanum

274 1833 326 1897 sit.
380 1833 576 1898 Fridericus
610 1834 715 1898 Jonas
750 1833 878 1913 quidem
911 1830 1116 1917 (111152)
1152 1834 1337 1898 verisimile
1374 1853 1445 1898 esse

274 1948 371 2019 putat
395 1959 466 2004 enm
492 1948 568 2018 post
584 1940 745 2018 epistulas
764 1948 891 2019 etpost
909 1940 1120 2019 quaestiones
1133 1940 1304 2005 naturales
1322 1942 1444 2006 editum

275 2066 348 2112 esse
366 2055 401 2112 et
414 2046 580 2112 Gerokius
592 2047 858 2112 accuratioribus
871 2049 1059 2112 rationibus
1073 2048 1169 2112 initis
1182 2049 1216 2124 (l.
1235 2068 1262 2113 c.
1275 2069 1304 2127 p.
1314 2054 1348 2112 31
1358 2051 1443 2126 9sq.)

274 2173 339 2218 non
376 2173 501 2218 omnem
539 2155 780 2219 dubitationem
817 2154 918 2220 tollit.
967 2156 1038 2219 Hac
1074 2163 1195 2236 autem,
1232 2175 1326 2234 quam
1352 2154 1443 2220 modo

276 2262 412 2341 protuli,
439 2263 674 2328 observatione
699 2281 767 2326 rem
794 2263 966 2340 explanari
994 2280 1089 2340 posse
1114 2263 1350 2329 contenderim.

382 2386 420 2450 ln
445 2385 558 2450 eadem
584 2387 728 2465 epistula
753 2391 841 2467 (llb,
861 2389 915 2466 17)
934 2385 1129 2451 felicitatem
1148 2396 1263 2466 aperte
1281 2389 1446 2452 miseriam

276 2503 388 2560 vocat:
443 2498 522 2574 „,At
556 2493 690 2559 felicem
724 2495 818 2558 illum
854 2495 1003 2558 homines
1028 2503 1062 2558 et
1097 2494 1231 2558 divitem
1270 2505 1390 2558 vocant
1414 2504 1448 2560 et

277 2602 435 2678 consequi
452 2608 578 2681 optant,
597 2610 752 2680 quantum
771 2602 830 2665 ille
853 2600 1023 2679 possidet!
1061 2603 1193 2665 Fateor.
1230 2597 1314 2680 Quid
1341 2599 1445 2676 ergo?

275 2709 325 2772 Tu
350 2708 435 2771 ullos
460 2725 533 2772 esse
558 2707 764 2772 condicionis
788 2709 915 2784 peioris
940 2708 1113 2772 existimas
1138 2725 1234 2786 quam
1250 2707 1306 2785 qui
1324 2707 1446 2770 habent

276 2824 310 2879 et
345 2815 514 2880 miseriam
539 2823 573 2880 et
596 2814 800 2881 invidiam‘?“
850 2816 977 2880 Ultima
1012 2824 1121 2879 antem
1158 2813 1371 2892 epistularum
1403 2810 1445 2874 ad

276 2922 441 2986 Lucilium
477 2923 580 2986 verba
615 2923 697 2987 haec
733 2930 828 2988 sunt:
867 2924 1029 3003 „Brevem
1063 2923 1128 2986 tibi
1152 2920 1324 2984 formulam
1351 2919 1446 2998 dabo,

278 3047 343 3107 qua
359 3037 393 3093 te
410 3029 572 3108 metiaris,
592 3048 655 3107 qua
673 3028 859 3107 perfectum
876 3046 949 3093 esse
967 3030 1031 3092 iam
1046 3028 1188 3095 sentias:
1213 3036 1293 3093 tunc
1309 3026 1447 3090 habebis

275 3117 379 3216 tuum,
397 3154 468 3199 cum
487 3136 665 3214 intelleges
681 3135 931 3201 infelicissimos
948 3153 1022 3200 esse
1039 3132 1250 3216 felices.“(ct.
1265 3152 1315 3211 ep.
1335 3138 1385 3212 98,
1406 3138 1446 3208 1).

383 3242 422 3307 In
446 3243 531 3306 locis
568 3261 708 3323 quoque,
745 3242 866 3323 quide
902 3242 989 3307 fama
1013 3250 1047 3307 et
1077 3243 1188 3322 gloria
1212 3249 1326 3322 agunt,
1351 3259 1448 3304 exou-

277 3351 399 3415 tieudis
423 3349 547 3429 gradus
573 3350 731 3428 quosdam
749 3351 989 3415 sententiarum
1007 3350 1235 3414 demonstrare
1252 3348 1446 3426 poterimus.

278 3456 366 3539 Quas
390 3457 486 3522 initio
511 3457 744 3522 aestimatione
770 3457 907 3536 quadam
934 3456 1051 3536 dignas
1076 3456 1178 3537 ducit,
1204 3474 1277 3520 cum
1301 3456 1336 3518 in
1353 3461 1445 3518 sexto

278 3567 412 3647 dialogo
438 3564 481 3649 (o.
496 3572 527 3647 4,
541 3569 575 3643 4)
600 3569 723 3631 Areum
741 3566 983 3646 philosophum,
1001 3565 1201 3630 familiarem
1219 3563 1382 3642 Augusti,
1399 3559 1447 3623 sic

278 3675 465 3753 loquentem
491 3673 593 3738 lacit:
632 3673 843 3754 „...dedisti
880 3692 1024 3755 operam,
1061 3691 1101 3737 ne
1133 3671 1210 3751 quid
1237 3679 1338 3750 esset,
1364 3665 1449 3746 quod

277 3782 311 3844 in
335 3788 369 3844 te
405 3781 578 3860 quisquam
615 3781 886 3859 reprehenderet.
935 3781 1002 3844 Nec
1027 3779 1060 3844 id
1083 3779 1116 3845 in
1148 3776 1330 3842 maioribus
1354 3773 1449 3837 modo

278 3888 478 3967 observasti,
515 3887 573 3950 sed
608 3888 640 3951 in
677 3889 833 3968 minimis,
867 3907 908 3951 ne
945 3887 1024 3966 quid
1061 3886 1206 3966 facereS,
1243 3883 1296 3948 cui
1320 3880 1449 3959 lamam,

278 3994 477 4060 uberrimam
502 3994 688 4072 principum
714 3994 868 4076 iudicem,
887 3994 991 4060 velles
1008 3991 1215 4073 ignoscere,“
1243 3992 1298 4056 vel
1323 3987 1449 4053 cumin

278 4103 451 4167 undecimo
477 4098 606 4183 (c.2,5)
632 4103 749 4166 bonam
774 4103 960 4180 opinionem
987 4100 1170 4181 praedicat,
1196 4116 1280 4178 quae
1312 4094 1452 4160 solidior

279 4211 334 4288 sit,
359 4228 454 4288 qnam
480 4217 517 4274 ut
533 4210 620 4287 eripi
637 4210 754 4287 possit.
780 4208 937 4274 Severius
954 4209 988 4272 in
1006 4209 1121 4287 quinto
1147 4207 1281 4284 dialogo
1307 4202 1449 4268 iudicat:

199 4379 200 4384 ,
282 4316 533 4396 „Conscientiae
557 4317 641 4382 satis
665 4315 734 4384 fiat:
779 4316 835 4380 Nil
859 4315 893 4380 in
916 4314 1034 4380 iamam
1058 4315 1261 4379 laboremus.
1287 4309 1453 4388 Sequatur
