3224 4964
660 365 879 424 „29-

187 555 404 619 exoratione
441 553 578 632 quadam
618 555 794 635 Demetrii,
832 563 995 632 quatenus
1031 555 1188 619 memoria
1212 555 1358 633 tenebat,

187 663 293 725 locum
329 662 511 738 longiorem
548 661 645 724 affert
679 663 812 740 plenum
845 662 897 725 his
932 663 1211 741 cogitationibus:
1255 661 1359 738 „nihil

187 787 300 850 cogor,
337 787 410 832 eum
446 769 534 832 iuter
570 769 636 832 alia
673 768 837 840 dicentem
870 768 963 847 facit,
988 769 1073 832 nihil
1098 769 1209 848 patior
1234 768 1359 832 invitus

186 894 247 940 neo
272 877 383 940 servio
416 875 487 953 deo,
517 877 573 940 sed
605 876 786 950 adsentior,
812 895 850 940 eo
876 877 1006 956 quidem
1032 879 1151 957 magis,
1177 875 1262 955 quod
1289 876 1358 939 scio

188 983 296 1047 omnia
330 991 423 1047 corta
459 990 493 1047 et
528 985 560 1048 in
598 993 768 1049 aetornum
806 983 894 1049 dicta
925 985 1000 1063 lege
1026 984 1235 1048 decurrere.“
1286 983 1360 1046 Etsi

188 1077 304 1154 auctor
339 1109 404 1154 non
439 1092 640 1170 nominatur,
675 1101 786 1155 tamen
823 1109 877 1154 res
913 1091 961 1156 ita
985 1090 1074 1154 ferre
1100 1090 1241 1170 videtur,
1266 1098 1303 1155 ut
1326 1090 1359 1154 iu

187 1204 280 1260 tanto
306 1213 467 1269 consensu
492 1198 675 1260 animorum
696 1197 886 1261 Demetrius
911 1216 951 1261 ex
976 1197 1072 1261 libris
1087 1196 1257 1261 Cleanthis
1282 1215 1360 1260 non-

187 1304 278 1367 nulla
303 1305 336 1366 iu
361 1322 441 1367 usius
466 1322 545 1368 suos
570 1303 822 1384 deprompserit.

294 1429 390 1493 Haud
415 1431 486 1493 veri
512 1429 618 1493 simile
644 1438 706 1510 est,
738 1430 979 1510 philosophum,
1005 1430 1060 1507 qui
1086 1447 1187 1493 senex
1212 1429 1251 1493 do
1277 1429 1360 1494 diffi-

189 1536 242 1599 cili
270 1555 309 1599 eu
336 1536 462 1600 animus
497 1536 582 1600 liber
615 1537 661 1600 sit
690 1538 886 1614 quaestione
910 1545 978 1599 tem
1002 1536 1132 1599 intenta
1156 1554 1236 1600 cura
1262 1535 1361 1599 medi·

187 1650 278 1706 tatus
315 1644 371 1723 sit,
407 1629 446 1706 de
483 1652 604 1706 natura
641 1643 819 1721 indoleque
855 1641 954 1706 animi
991 1643 1096 1722 ipsius
1121 1659 1251 1722 semper
1275 1643 1359 1706 idem

189 1749 342 1813 sensisse.
389 1749 475 1831 Quid
510 1767 618 1814 antem
646 1751 679 1813 in
705 1752 813 1813 animo
838 1757 904 1813 tam
930 1758 1048 1828 potens
1075 1750 1285 1828 validumque
1310 1759 1362 1813 est

189 1875 283 1935 quam
315 1856 542 1937 discrepantia
571 1857 745 1922 allectuum
779 1855 1010 1934 rationisque?
1048 1857 1094 1921 Et
1123 1856 1163 1919 de
1188 1855 1361 1920 aflectibus

189 1963 318 2042 quidem
355 1964 404 2028 ita
439 1982 512 2028 cum
548 1965 680 2042 vulgari
719 1964 906 2028 Stoicorum
944 1963 1097 2043 opinione
1122 1965 1300 2043 consentit,
1325 1972 1362 2028 ut

188 2073 252 2134 iam
284 2073 318 2134 in
352 2071 544 2134 duodecimo
579 2070 713 2149 dialogo
749 2089 806 2135 eos
841 2072 874 2134 iu
900 2072 996 2137 vitiis
1022 2080 1131 2150 ponat.
1172 2071 1250 2134 lllic
1275 2071 1360 2134 euim

189 2178 231 2257 (c.
252 2183 302 2256 17,
321 2179 353 2253 5)
390 2177 525 2256 doloris,
561 2177 812 2258 sollicitudinis,
856 2177 1053 2242 afflictionis
1085 2177 1259 2241 affectibus
1285 2195 1361 2241 enu-

189 2284 326 2346 meratis
353 2284 482 2361 pergit:
534 2284 644 2364 „Nulli
676 2285 791 2348 horum
829 2286 959 2364 patebit
993 2291 1109 2365 pectus
1144 2291 1251 2348 tuum:
1288 2303 1361 2347 nem

190 2390 312 2453 ceteris
339 2390 433 2453 vitiis
465 2390 528 2453 iam
564 2390 690 2470 pridem
715 2391 841 2454 clusum
868 2392 949 2455 cst.“
998 2391 1081 2454 Item
1108 2392 1141 2454 in
1166 2391 1268 2470 tertio
1294 2391 1362 2454 dia·

188 2498 266 2576 logo
292 2498 490 2562 Aristotelis
523 2499 721 2562 senteutiam
755 2499 962 2578 impugnans,
989 2500 1043 2577 qui
1070 2517 1128 2563 eos
1152 2499 1362 2563 necessarios

188 2623 262 2669 esse
288 2605 452 2685 voluerat,
478 2604 577 2669 dicit:
616 2624 879 2684 ‚„..numquam
905 2605 1057 2670 adsumet
1081 2607 1169 2670 ratio
1202 2607 1235 2668 in
1269 2605 1361 2668 adiu-

188 2712 310 2776 torium
347 2711 550 2790 improvidos
588 2721 621 2776 et
659 2713 825 2776 violentos
861 2713 1015 2794 impetus
1052 2714 1137 2792 apud
1170 2731 1251 2791 quos
1275 2713 1361 2776 nihil

188 2821 261 2897 ipsa
282 2818 499 2889 ‚auctoritatis
535 2819 645 2897 habet,
683 2837 766 2896 quos
801 2838 974 2898 numquam
1001 2819 1217 2899 comprimere
1243 2820 1360 2900 possit,

188 2925 252 2988 nisi
279 2941 377 3004 pares
395 2924 462 2988 illis
480 2925 670 3003 similesque
689 2927 894 3006 opposueris
920 2934 957 2990 ut
973 2926 1043 2990 irae
1062 2932 1193 3005 metum,
1219 2927 1362 2990 inertiae

190 3031 283 3112 iram,
319 3033 431 3095 timori
470 3031 695 3111 cupiditatem.
745 3034 844 3098 Absit
878 3034 939 3097 hoc
964 3053 983 3095 a
1008 3034 1134 3098 virtute
1170 3035 1301 3115 malum,
1326 3043 1363 3097 ut

190 3156 339 3216 umquam
375 3141 464 3204 ratio
499 3139 538 3202 ad
575 3141 657 3203 vitia
695 3139 898 3218 confugiat.“
927 3139 1037 3220 (cip,
1055 3138 1096 3221 1).
1135 3141 1291 3205 Severius
1328 3141 1361 3203 in

190 3245 343 3324 epistulis
379 3247 524 3311 iudicat:
591 3247 760 3324 ,...nim'1
806 3249 963 3325 interest,
1005 3267 1101 3326 quam
1140 3266 1279 3326 magnus
1319 3248 1363 3310 sit

189 3353 343 3419 affectus:
381 3364 665 3434 quantuscumque
702 3362 763 3433 est,
799 3373 917 3432 parere
955 3356 1072 3435 nescit,
1098 3356 1272 3420 consilium
1298 3374 1362 3418 non

188 3462 320 3541 accipit.
359 3460 635 3543 Quemadmodum
672 3463 794 3524 rationi
832 3462 956 3524 nullum
990 3463 1110 3525 animal
1143 3459 1362 3540 obtemperet,

188 3588 251 3632 uon
283 3567 408 3648 ferum,
442 3587 505 3632 uon
537 3567 751 3632 domesticum
785 3576 817 3632 et
842 3570 941 3648 mite3
974 3577 1094 3633 natura
1119 3570 1202 3632 enim
1228 3569 1361 3632 illorum

189 3684 240 3740 ost
264 3677 364 3740 surda
389 3674 560 3739 suadenti:
593 3676 641 3738 sic
666 3695 731 3738 non
756 3684 927 3755 sequutur,
960 3695 1025 3739 nou
1050 3676 1189 3740 audiunt
1213 3675 1362 3757 affectus,

189 3785 481 3862 quantulicumque
507 3791 593 3847 sunt.
642 3781 761 3861 Tigres
787 3784 965 3860 leonesque
991 3802 1166 3862 numquam
1191 3781 1361 3848 feritatem

190 3898 323 3968 exuunt,
349 3891 525 3968 aliquando
551 3890 760 3970 submittunt,
786 3897 819 3953 et
852 3909 922 3953 cum
956 3890 1087 3953 minime
1113 3892 1362 3967 exspectaveris

190 4004 409 4071 exasperatur
444 4000 588 4063 torvitas
621 3998 785 4076 mitigata.
835 3998 1015 4076 Numquam
1050 3999 1134 4061 bona
1173 3996 1237 4061 fide
1279 3998 1362 4060 vitia

191 4107 441 4166 mansuescunt“
470 4109 534 4182 lep.
559 4111 611 4186 85,
633 4103 677 4188 8).
725 4106 922 4183 Priusquam
954 4105 1084 4183 reliqua
1109 4103 1264 4180 deinceps
1288 4122 1363 4181 per·

190 4227 322 4292 sequar,
348 4227 452 4286 paura
478 4208 516 4273 de
542 4214 705 4291 torminis,
732 4214 764 4275 in
791 4213 910 4290 <quibus
936 4211 1072 4275 allectus
1099 4209 1250 4290 includit,
1276 4210 1362 4276 inso-

189 4335 265 4381 rere
289 4317 371 4382 mihi
396 4317 508 4383 liceat.
547 4316 581 4381 ln
606 4319 690 4382 locis
715 4318 840 4399 allatis,
866 4327 957 4382 certe
983 4318 1099 4397 primis
1124 4316 1267 4399 duobus,
1293 4320 1363 4383 suis
