3224 4964
624 395 845 461 ...23⁸

151 591 343 658 laetissima.
391 589 484 674 Quod
516 612 580 656 non
615 594 801 674 miraberis,
835 593 863 657 si
896 592 1031 670 primam
1065 593 1137 658 eius
1161 591 1324 671 originem

76 695 81 701 ’
151 702 362 780 adspexeris:
395 719 458 764 uon
492 708 544 764 est
574 718 615 763 ex
646 708 781 765 terreno
807 707 841 764 et
865 700 963 777 gravi
989 707 1147 764 concreta
1172 717 1324 778 corpore.

151 810 202 874 Ex
227 808 285 873 illo
311 808 449 872 caelesti
476 807 599 885 spiritu
624 807 807 873 descendit.
844 806 1044 872 Caelestium
1069 816 1180 872 autem
1204 813 1325 871 natura

150 933 281 993 semper
305 917 339 978 in
365 923 454 980 nuotn
480 923 542 994 est,
567 913 656 994 fugit
680 921 714 978 et
737 915 950 980 velocissimo
975 932 1075 978 cursu
1099 913 1222 995 agitur.
1260 913 1324 977 Ad·

151 1023 243 1100 spice
268 1021 378 1088 sidera
403 1023 487 1087 oto.“
529 1023 611 1086 Num
646 1022 729 1086 haec
762 1022 875 1085 eadem
907 1022 1098 1086 coniunctio
1132 1023 1222 1087 inter
1247 1020 1326 1084 deos

152 1130 364 1208 hominesque
401 1137 463 1210 est,
501 1147 584 1207 quae
621 1130 654 1193 in
680 1146 730 1206 ep.
750 1135 802 1210 91,
817 1134 945 1193 30--31
973 1127 1169 1196 invenitur?
1218 1126 1324 1209 ,Quid

151 1246 201 1300 est
236 1244 357 1318 autern,
394 1237 514 1316 inquit,
552 1254 610 1300 cur
647 1255 710 1299 non
747 1236 920 1300 existimes
946 1237 979 1299 in
1005 1253 1044 1300 eo
1070 1236 1175 1302 divini
1199 1234 1326 1314 aliquid

150 1344 306 1422 existere,
343 1344 398 1422 qni
425 1343 475 1406 dei
502 1361 580 1421 pars
605 1341 681 1407 est?
717 1344 836 1407 'Potum
860 1344 933 1423 hoo,
959 1361 1023 1421 quo
1048 1343 1267 1422 continemur,
1293 1348 1327 1406 et

150 1470 248 1514 unum
285 1458 336 1514 est
373 1458 407 1512 et
441 1449 539 1514 deus:
577 1457 610 1514 et
646 1450 730 1514 socii
768 1450 839 1514 eius
875 1468 986 1514 snmus
1021 1459 1055 1515 et
1086 1452 1325 1517 membra...

149 1559 277 1622 animus
292 1608 299 1620 .
315 1608 322 1620 .
337 1610 366 1625 ..
400 1557 433 1620 in
466 1557 527 1620 hoc
563 1575 583 1621 8
613 1564 734 1622 natura
756 1574 867 1620 rerum
892 1555 1056 1621 formatus
1081 1564 1143 1638 est,
1169 1565 1205 1623 ut
1230 1558 1326 1634 paria

149 1663 200 1727 dis
226 1663 393 1730 vellet...
432 1663 508 1728 Cum
547 1665 609 1727 hoc
645 1664 711 1727 iter
746 1670 887 1728 nanctus
923 1670 985 1744 est,
1023 1662 1115 1729 vadit
1151 1663 1325 1728 audaciter

150 1777 360 1848 contemptor
377 1772 537 1835 omnium:
562 1789 624 1834 nec
640 1771 682 1834 ad
699 1773 870 1849 pecuniam
884 1772 1026 1848 respicit
1039 1789 1220 1850 aurumque
1237 1769 1322 1836 etc.“

149 1876 335 1942 Discrimen
362 1887 472 1956 patet:
506 1879 578 1942 illic
603 1879 754 1942 societas.
778 1878 838 1942 illa
862 1879 994 1942 initium
1021 1880 1111 1955 capit
1134 1898 1153 1942 a
1176 1878 1324 1942 naturali

149 1985 286 2062 quodam
327 1985 538 2063 cognationis
580 1985 724 2065 vinculo,
768 1986 822 2049 hic
861 2005 880 2050 a
923 1987 1139 2064 perceptione
1179 1985 1322 2049 numinis

148 2093 398 2171 voluntatisque
423 2092 557 2156 deorum
583 2100 618 2155 81
642 2092 847 2173 assensione,
872 2093 945 2156 illic
961 2092 994 2157 in
1012 2092 1054 2157 iis
1070 2094 1171 2157 rebus
1190 2092 1321 2173 nititur,

150 2217 234 2277 quae
260 2200 413 2263 sensibus
438 2198 671 2276 comprehendi
696 2208 843 2279 possunt,
869 2200 924 2263 hic
948 2199 981 2262 in
1006 2200 1059 2279 iis,
1085 2217 1169 2278 quae
1194 2200 1228 2263 in
1246 2218 1322 2262 con·

148 2313 296 2381 spectum
320 2323 385 2367 non
409 2304 557 2384 veniunt,
582 2303 713 2369 fructus
737 2305 810 2369 illio
835 2306 1010 2384 inquisitio
1028 2314 1062 2370 81
1078 2306 1323 2385 pervestigatio

148 2429 256 2474 rerum
292 2411 512 2492 naturalium,
544 2412 598 2476 hic
623 2429 715 2474 amor
739 2413 949 2492 studiumque
974 2414 1113 2479 virtutis
1138 2420 1199 2481 881.
1246 2413 1322 2478 Jam

150 2518 342 2582 Heraclitus
366 2519 400 2582 in
426 2518 515 2583 dicto
540 2519 616 2582 illo:
665 2513 840 2602 dodonam
872 2519 949 2582 eaor
979 2522 1108 2602 θνητοί,
1139 2513 1323 2582 18818111-

147 2626 282 2706 bponoc
319 2617 485 2686 ἀθάνατοι
521 2625 701 2700 (Heracliti
740 2626 936 2704 Allegoriae
973 2627 1181 2707 Homericae,
1207 2627 1257 2690 ed.
1282 2627 1321 2691 lu.

147 2731 284 2796 Mehler.
313 2732 461 2809 lugdun.
496 2733 613 2797 Batav.
639 2739 722 2797 1851
748 2751 778 2811 p.
803 2738 857 2810 51)
882 2735 1005 2798 aetatis
1037 2736 1146 2812 spatio
1178 2742 1317 2812 excepto

146 2856 270 2902 ornnem
295 2839 385 2902 inter
410 2839 615 2904 immortales
640 2841 864 2919 mortalesque
890 2839 1107 2905 differentiam
1125 2842 1319 2905 sustulerat.

146 2943 235 3006 Nihil
260 2944 350 3008 alind
369 2945 496 3010 Seneca
511 2945 543 3010 iu
562 2951 679 3027 epte,
697 2952 733 3010 11
754 2946 899 3025 profert:
942 2945 1114 3029 „Quaeris
1132 2947 1210 3027 quid
1232 2949 1322 3012 inter

145 3058 180 3112 18
205 3057 238 3113 81
262 3052 340 3114 11188
364 3053 451 3127 (8811.
477 3052 569 3129 deos)
593 3053 829 3118 interfuturum
856 3052 926 3118 sit?
966 3054 1102 3119 Diutius
1131 3063 1250 3121 erunt.
1268 3105 1274 3118 .
1290 3107 1320 3123 ..

145 3157 284 3219 Tantum
326 3159 468 3236 sapienti
510 3178 581 3238 888,
622 3168 778 3239 quantum
816 3162 877 3224 deo
916 3161 1021 3226 omnis
1058 3169 1153 3226 88188
1193 3164 1316 3239 patet.“

146 3260 232 3343 Quin
250 3264 347 3327 etiam
366 3266 603 3343 quodammodo
621 3269 756 3344 sapiens
774 3267 835 3331 deo
853 3268 1044 3332 antecellit:
1079 3269 1164 3348 „Est
1180 3268 1319 3348 aliquid,

144 3389 208 3450 quo
233 3372 366 3449 sa'piens
391 3373 588 3438 antecedat:
614 3374 673 3437 ille
697 3373 858 3438 beneficio
883 3383 1024 3438 naturae
1048 3394 1112 3439 non
1130 3376 1237 3457 timet,
1259 3393 1319 3439 suo

144 3477 275 3555 sapiens
311 3476 414 3562 lib.).“
466 3479 623 3544 Videmus
658 3481 774 3560 igitur,
812 3489 964 3546 naturam
1001 3483 1073 3546 eius
1107 3482 1319 3562 cognationis

144 3585 302 3660 paulatim
328 3586 534 3666 aliquantum
559 3595 718 3652 mutatam
744 3605 829 3652 8888.

248 3711 285 3775 18
326 3713 388 3777 hac
429 3711 568 3775 materIa
607 3719 715 3775 autem
754 3711 827 3774 fieri
864 3730 929 3775 non
965 3713 1085 3791 potuit,
1123 3713 1202 3791 quin
1236 3711 1318 3777 duae

143 3820 354 3893 quaestiones
385 3818 583 3896 philosopho
616 3825 731 3883 nostro
768 3836 804 3882 se
830 3817 989 3882 offerrent
1013 3820 1221 3898 animumque
1246 3821 1318 3884 eius

142 3922 248 3998 magis
275 3924 444 4003 magisque
462 3933 725 3990 commoverent:
751 3926 913 4004 quomodo
932 3925 985 3990 dei
1003 3927 1146 3990 omnium
1164 3934 1318 4004 potentes

143 4043 215 4088 esse
240 4038 387 4108 possent,
412 4031 569 4096 silatum
594 4040 694 4113 esset,
720 4040 754 4096 et
778 4051 841 4112 qua
865 4034 997 4097 ratione
1022 4034 1109 4097 mala
1136 4033 1223 4098 vitae
1245 4051 1316 4097 cum

142 4134 351 4211 benignitate
376 4135 512 4201 deorum
537 4140 810 4204 conciliarentur.
846 4140 978 4204 Prioris
1003 4141 1210 4218 quaestionis
1223 4138 1317 4202 nodis

141 4259 176 4304 se
191 4241 348 4318 expedire
363 4242 436 4305 eius
449 4245 572 4308 8818118
589 4246 777 4310 hominibus
795 4265 833 4309 eo
850 4248 959 4310 minus
977 4247 1173 4324 contingere
1196 4247 1316 4327 potuit,

141 4365 205 4425 quo
241 4347 343 4414 altius
380 4350 456 4414 vani
491 4348 545 4412 illi
581 4351 619 4415 de
656 4351 725 4416 fato
762 4370 896 4416 errores
921 4351 1113 4416 artificiosis
1138 4352 1316 4434 Chrysippi
