3224 4964
731 332 943 398 „20..

251 527 378 593 crebris
413 530 483 593 illis
520 529 630 610 dictis,
667 547 750 609 qnae
784 531 844 594 snb
883 529 977 594 finem
1016 529 1233 610 epistularum
1269 540 1425 611 tanquam

251 635 370 700 diurna
405 636 563 715 quaedam
601 637 798 700 munuscula
834 655 905 700 cum
932 637 1063 700 Lucilio
1089 639 1319 720 communicat,
1355 641 1427 704 sive

250 743 372 807 laetam
398 749 626 822 paupertatem
664 761 731 806 rem
758 743 929 808 honestam
956 745 1028 808 sive
1053 744 1141 808 unici
1167 745 1264 809 amici
1291 764 1426 811 conver·

250 851 411 913 sationem
437 850 520 914 satis
545 868 696 928 magnum
730 850 896 914 theatrum
930 851 1000 915 sive
1026 851 1059 914 in
1083 852 1286 916 necessitate
1312 855 1426 919 vivere

249 957 373 1020 nnllam
398 958 631 1021 necessitatem
658 975 730 1020 asse
755 957 838 1021 dicit
864 956 960 1020 -in
987 959 1138 1021 omnibns
1161 959 1302 1038 denique
1325 962 1426 1025 rebus

250 1065 290 1127 ab
315 1063 462 1142 Epicuro
498 1070 576 1143 stat,
613 1080 697 1140 quae
731 1063 923 1128 libertatem
960 1064 1059 1128 animi
1096 1067 1240 1130 arehns
1265 1070 1425 1148 externis,

251 1171 427 1234 clationem
454 1169 779 1248 magnitudinemque
809 1170 881 1234 eius
906 1171 1111 1250 praedicant.
1160 1173 1250 1237 Haec
1273 1192 1364 1254 vcro,
1389 1183 1428 1239 ut

250 1276 299 1340 ita
334 1277 450 1356 dicam,
480 1276 573 1340 frons
598 1284 666 1341 est:
700 1277 809 1340 omnia
835 1286 1037 1343 commutata
1061 1285 1149 1360 sunt,
1182 1281 1236 1343 ubi
1263 1281 1426 1344 interiora

174 1397 176 1404 ¹
250 1384 437 1464 inspexeris
473 1384 494 1450 i.
520 1401 547 1447 e.
581 1401 629 1463 ea,
667 1401 750 1462 quae
787 1385 827 1448 ab
864 1385 950 1450 artis
987 1385 1223 1465 doctrinaeque
1259 1387 1425 1468 perceptis

251 1490 523 1570 proficiscuntur;
559 1491 607 1554 ibi
646 1509 686 1554 ex
711 1491 886 1555 defensore
911 1493 1125 1558 adversarius
1149 1493 1195 1559 fit.
1243 1492 1346 1575 Quam
1371 1513 1425 1559 ve·

249 1597 420 1661 hementer
455 1599 488 1660 in
522 1597 696 1661 delicatam
723 1605 756 1662 et
780 1599 996 1662 umbraticam
1021 1600 1264 1679 Epicureorum
1290 1603 1419 1667 turbam

251 1705 432 1783 invehitur,
476 1706 531 1767 ubi
567 1704 664 1782 ratio,
711 1722 794 1782 qnae
834 1705 925 1767 inter
959 1706 1118 1769 virtutem
1155 1707 1425 1788 voluptatemque

250 1811 440 1890 intercedit,
477 1811 510 1874 in
547 1811 774 1889 quaestionem
812 1819 962 1890 vocatur,
1000 1820 1034 1875 ot
1069 1831 1166 1890 quarn
1198 1823 1294 1877 caute
1321 1817 1427 1880 consi-

251 1918 431 1996 derateque
457 1918 502 1980 ibi
528 1918 610 1997 agit,
645 1934 684 1978 ne
710 1916 816 1980 Stoici
840 1927 930 1980 statu
955 1935 1014 1980 suo
1041 1917 1278 1982 demereantur
1302 1927 1336 1983 et
1361 1925 1427 1998 pri-

251 2026 313 2088 mis
350 2032 517 2104 postrema
554 2022 787 2102 praeferantur
824 2021 879 2098 (de
905 2022 1011 2090 benef.
1036 2023 1093 2101 IV,
1120 2030 1157 2100 2,
1194 2024 1351 2087 similiter
1375 2042 1425 2103 ep.

251 2115 403 2209 Salat!
452 2130 555 2210 Quam
592 2139 689 2194 acute
728 2130 884 2194 virtutem
921 2131 1011 2207 grati
1045 2131 1147 2194 animi
1171 2130 1220 2193 eis
1245 2130 1425 2210 abjudicat,

251 2238 306 2316 qni
331 2256 402 2301 eum
429 2237 524 2300 deum
549 2237 659 2301 colere
683 2238 800 2316 velint,
834 2238 887 2300 cui
918 2255 1044 2300 omnem
1069 2245 1168 2300 antea
1192 2236 1424 2300 beneficiorum

252 2345 501 2409 tribuendorum
550 2345 730 2422 potentiam
780 2342 988 2407 detraxerint
1035 2342 1088 2425 (de
1113 2341 1220 2407 henes.
1257 2341 1314 2422 IV,
1355 2344 1426 2420 l9l!

252 2451 353 2534 Quam
402 2450 565 2515 adstricta
611 2452 787 2515 verborum
836 2451 1129 2530 comprehensione
1170 2450 1246 2529 quid
1287 2451 1426 2513 maxime

251 2559 388 2623 intersit
426 2559 516 2621 inter
551 2558 739 2622 Stoicorum
776 2557 1084 2637 Epicureornmque
1124 2557 1259 2621 decreta
1295 2557 1424 2636 planum

251 2666 362 2729 iacere
398 2665 510 2729 studet
546 2667 610 2742 (ep.
635 2670 687 2745 90,
713 2663 787 2740 35)Ι
837 2663 880 2728 Et
905 2683 944 2727 ne
970 2665 1044 2743 qnis
1073 2665 1253 2744 existimet,
1279 2663 1425 2727 educati-

252 2774 325 2836 onis
350 2771 645 2836 consuetudinisve
682 2771 819 2850 quodam
857 2772 941 2836 vitio
978 2773 1008 2834 ei
1034 2771 1117 2835 talia
1141 2772 1347 2835 succurrisse
1372 2771 1426 2835 vel

252 2879 426 2956 excidisse,
463 2878 600 2943 duarum
636 2879 866 2958 epistularum,
904 2897 1042 2956 quarum
1073 2879 1181 2942 altera
1206 2879 1344 2941 alteram
1371 2895 1425 2939 ex-

253 2985 344 3065 cipit,
370 2986 551 3065 exemplum
578 2984 760 3064 adiungere
786 2985 866 3048 mihi
892 2986 1004 3064 liceat,
1029 2984 1115 3048 unde
1133 2990 1303 3064 appareat,
1329 3001 1425 3061 quam

253 3101 427 3172 suspectus
452 3093 517 3157 sihi
542 3093 612 3170 ipse
637 3091 750 3173 fuerit,
775 3093 803 3155 si
830 3092 958 3170 quando
973 3092 1120 3171 Epicuro
1146 3091 1305 3155 adsensus
1326 3096 1425 3154 esset.

252 3199 290 3263 In
316 3217 366 3279 ep.
392 3205 444 3280 66,
472 3206 511 3262 18
548 3199 775 3263 demonstrare
814 3199 936 3278 studet,
973 3199 1167 3278 sapientem,
1205 3197 1259 3277 qui
1288 3199 1426 3262 honesta

252 3307 377 3386 aliquid
402 3305 553 3372 facturus
578 3308 632 3386 sit,
659 3307 815 3385 quicquid
840 3326 859 3369 a
883 3306 1016 3370 fortuna
1041 3313 1236 3384 opponatur,
1262 3303 1378 3368 malum
1394 3304 1426 3367 id

255 3433 317 3478 non
355 3419 543 3492 putaturum
580 3431 670 3476 esse:
710 3413 750 3476 ad
783 3413 963 3492 Epicurum
1002 3420 1163 3491 provocat
1198 3410 1424 3487 affirmantem,

253 3521 448 3601 sapientem,
488 3521 517 3584 si
554 3519 682 3598 quando
718 3521 751 3582 in
789 3519 977 3584 Phalaridis
1013 3525 1111 3584 tauro
1148 3525 1337 3598 peruratur,
1373 3534 1427 3580 ex-

254 3629 488 3691 clamaturum:
527 3627 634 3702 ,dulce
672 3635 724 3691 est
756 3636 790 3690 et
813 3625 854 3690 ad
878 3644 928 3690 me
953 3627 1001 3690 nil
1026 3626 1168 3690 attinet‘.
1219 3626 1320 3689 Cuius
1345 3623 1425 3687 dicti

254 3742 370 3798 acutas
405 3734 548 3812 ineptias
577 3769 615 3778 -
640 3753 712 3797 narn
749 3733 788 3796 de
824 3751 860 3797 re
897 3735 970 3813 ipsa
1005 3735 1093 3798 inter
1129 3743 1304 3811 utrumque
1335 3731 1428 3794 nulla

254 3840 416 3905 dissensio
442 3848 494 3904 est
518 3876 560 3884 —
584 3860 647 3906 non
674 3840 804 3919 quidem
829 3842 1020 3918 comprobat
1035 3840 1170 3917 Seneca,
1196 3841 1293 3903 immo
1318 3838 1429 3912 reicit,

254 3959 418 4026 utquam
456 3948 523 4012 levi
555 3949 713 4013 censura!
761 3947 981 4010 Incredibilia
1004 3964 1076 4009 esse
1103 3945 1195 4010 dicit.
1244 3945 1330 4008 Huic
1354 3945 1429 4008 loco

255 4054 416 4134 conferas,
453 4072 587 4133 quaeso,
624 4069 673 4132 ep.
711 4060 767 4132 67,
803 4059 858 4134 lb,
896 4054 951 4116 uhi
991 4053 1106 4116 iisdem
1144 4051 1283 4132 Epicuri
1317 4051 1430 4116 verbis

255 4163 369 4226 allatis
406 4162 508 4225 multo
546 4161 751 4225 acerbiorem
787 4159 930 4223 iudicem
968 4178 1003 4223 se
1040 4160 1190 4239 praebet,
1227 4176 1298 4223 cum
1329 4158 1428 4223 dicit:

258 4268 351 4348 „Ego
387 4278 453 4332 tam
491 4269 649 4333 honestae
684 4269 734 4331 rei
764 4285 803 4331 ac
827 4284 965 4331 severae
990 4284 1163 4345 numquam
1190 4265 1287 4329 molle
1312 4283 1430 4329 nomen
