3224 4964
783 435 822 444 ..
871 405 1001 463 23,-

303 594 568 674 tergiversatur:
619 595 709 674 „Ista
740 595 835 658 nobis
869 594 989 670 opponi
1023 595 1150 673 solent,
1184 604 1221 658 ut
1244 595 1407 670 probetur
1431 595 1479 658 nil

305 702 469 766 voluntati
495 709 631 765 nostrae
656 701 810 765 relictum
836 708 869 764 et
894 717 987 762 omne
1012 701 1063 763 ius
1088 700 1157 763 fato
1182 699 1351 764 traditum.
1401 701 1479 765 Cum

306 807 345 871 de
371 810 436 872 ista
461 825 497 871 re
515 818 646 887 agetur,
672 808 789 887 dicam,
807 805 1076 886 quemadmodum
1095 815 1246 871 manente
1265 806 1334 872 fato
1353 808 1478 886 aliquid

305 916 349 979 sit
385 915 418 978 iu
455 915 598 978 hominis
635 915 809 978 arbitrio.“
849 916 889 987 (c.
911 918 962 994 38,
985 915 1026 987 3).
1087 914 1197 978 Etiam
1235 933 1283 991 op.
1325 919 1478 994 litt—5

308 1022 536 1100 quaestionem
573 1021 716 1086 dilucide
753 1021 881 1099 quidem
907 1021 1012 1098 ponit,
1038 1019 1096 1085 sed
1121 1022 1262 1084 similem
1289 1023 1321 1084 in
1349 1021 1475 1085 modum

305 1131 414 1194 oratio
440 1127 601 1193 deflectit:
641 1129 761 1207 „Dicet
785 1128 928 1206 aliquis:
977 1127 1072 1208 ,Quid
1106 1129 1186 1191 mihi
1212 1128 1349 1205 prodest
1372 1130 1479 1206 pbilo-

306 1237 435 1316 sophia,
472 1237 500 1300 si
526 1235 629 1299 iatum
655 1233 714 1298 es?
763 1232 849 1315 Quid
884 1233 1032 1315 prodest,
1070 1236 1096 1298 si
1136 1235 1216 1298 deus
1253 1242 1364 1298 rector
1402 1234 1479 1299 cst?

306 1340 390 1423 Quid
416 1342 563 1422 prodest,
589 1343 617 1405 si
643 1359 739 1405 casus
764 1339 929 1418 imperat?
962 1341 1042 1404 Nam
1080 1350 1114 1405 et
1150 1343 1268 1405 mutari
1296 1350 1389 1406 certa
1415 1361 1478 1405 nou

254 1460 257 1464 ’
306 1457 446 1527 possunt
470 1458 503 1515 et
527 1449 612 1512 nihil
635 1448 831 1526 praeparari
855 1455 968 1524 potest
992 1447 1154 1512 adversus
1180 1450 1320 1529 incerta,
1346 1449 1404 1512 sed
1421 1459 1479 1513 aut

308 1555 479 1620 consilium
516 1573 620 1650 meum
659 1555 836 1632 occupavit
874 1554 954 1618 dens
979 1554 1195 1634 decrevitque
1221 1556 1298 1633 qnid
1325 1543 1478 1634 sac-erem,
1585 1613 1586 1636 ,

306 1673 364 1727 ant
388 1662 528 1726 consilio
565 1680 635 1726 meo
673 1662 720 1725 nil
756 1661 890 1726 fortuna
926 1661 1114 1738 permittit.⁷
1164 1661 1328 1744 Quicquid
1363 1672 1478 1726 estex

306 1770 367 1840 his,
395 1771 515 1850 Lucili,
540 1770 594 1834 vel
620 1771 646 1833 si
673 1770 782 1833 omnia
806 1771 888 1832 baec
913 1777 998 1849 snut,
1025 1769 1320 1850 philosophandum
1347 1779 1477 1836 est
1585 1803 1586 1834 l

306 1875 367 1940 Sed
393 1895 457 1940 non
483 1885 534 1944 est
558 1866 646 1940 nunc
670 1877 703 1939 iu
728 1877 812 1940 banc
837 1874 1095 1954 disputationem
1121 1877 1374 1956 transcundum,
1401 1877 1477 1955 qnid
1585 1951 1586 1960 ἵ

306 1985 351 2047 sit
376 1983 459 2047 iuris
483 1985 602 2064 nostri,
628 1983 656 2046 si
680 1981 894 2062 providentia
919 1977 951 2046 in
977 1983 1115 2062 imperio
1141 1991 1213 2046 est.
1230 2035 1236 2046 .
1252 1984 1280 2049 .“
1322 1984 1360 2048 In
1385 1991 1478 2048 tauta

306 2091 389 2154 certi
416 2091 547 2168 ratique
573 2091 706 2154 consilii
734 2089 847 2169 iuopia
872 2089 1043 2153 Cleanthis
1059 2090 1119 2153 illo
1137 2091 1262 2154 iudicio
1280 2110 1315 2155 sc
1333 2092 1479 2171 applicat
1585 2103 1586 2112 ¹

305 2198 500 2263 notissimo:
538 2197 672 2277 ,ducunt
697 2198 863 2262 uolentem
888 2195 968 2276 fata,
987 2198 1152 2261 nolentem
1169 2197 1328 2262 trahunt!
1355 2199 1477 2278 (Epict.
1585 2189 1586 2212 ²

307 2305 432 2369 enchir.
459 2324 486 2368 c.
502 2308 566 2380 52).
615 2303 737 2368 Eadem
764 2305 965 2384 pervulgata
988 2304 1149 2369 videlicet
1179 2308 1347 2370 sententia
1379 2306 1478 2370 etiam

306 2413 338 2476 iu
365 2420 477 2476 statua
502 2411 673 2477 Cleanthis
707 2412 870 2491 iuscripta
900 2409 974 2491 init,
1002 2430 1097 2490 qnam
1123 2413 1315 2490 Simplicius
1341 2414 1417 2476 hssi
1443 2431 1477 2476 so
1585 2481 1586 2488 ,

307 2517 613 2592 vidisseaifirmat
647 2515 835 2601 (comment.
872 2519 907 2582 in
944 2519 1052 2598 Epict.
1090 2521 1215 2584 enchir.
1253 2522 1303 2586 ed.
1341 2520 1476 2585 Salmas

307 2642 377 2705 cap.
404 2631 444 2690 78
469 2642 499 2706 p.
519 2622 611 2709 329):
640 2677 667 2706 „.
684 2677 689 2688 .
705 2678 712 2694 ,
731 2619 1007 2704 ἐπαγγελλόμενος
1032 2621 1148 2694 ἄοκνος
1165 2627 1221 2688 καὶ
1237 2622 1320 2688 ἑκών
1337 2621 1478 2688 ἕπεσθαι

306 2732 392 2816 (scil.
418 2736 622 2817 πεπρωμένῃ
646 2734 700 2798 vel
726 2729 933 2817 εἱμαρμένῃ*
960 2721 1001 2793 ἂν
1025 2726 1085 2813 γὰρ
1114 2725 1293 2815 (inconcinni,
1328 2734 1414 2814 φησί,
1439 2723 1477 2790 od
1585 2735 1586 2794 f

305 2837 407 2919 μόνον
432 2831 482 2902 ὅτι
506 2833 603 2908 κακὸς
628 2835 752 2920 ἔσομαι,
778 2833 861 2901 o'itoi
886 2840 942 2900 καὶ
966 2835 1113 2919 οἰμα’ζων
1130 2841 1185 2901 καὶ
1201 2843 1319 2901 στένων
1342 2830 1473 2900 ἄκολον·
1585 2809 1586 2896 Ῐ

305 2943 417 3019 θνζσωι(
445 2948 498 3021 (of.
527 2949 621 3012 Diels
647 2947 783 3026 doxogr,
810 2964 839 3027 p.
855 2953 936 3026 571;
961 2948 1054 3012 Stein
1073 2948 1326 3011 Erkeuntuisth.
1346 2948 1474 3026 p.329).

307 3057 400 3118 Hauc
425 3056 531 3132 igitur
555 3055 766 3134 sententiam,
793 3073 889 3133 quam
915 3056 948 3118 in
974 3071 1023 3134 ep.
1044 3060 1124 3136 16,5
1150 3055 1294 3118 strictim
1314 3055 1478 3130 attigerat
1585 3131 1586 3136 ἵ

308 3161 381 3235 (deo
417 3162 562 3225 libenter
597 3163 795 3242 pareamus),
832 3163 864 3225 in
903 3179 953 3242 ep.
980 3168 1196 3243 107,10-11
1233 3168 1305 3226 toto
1342 3169 1476 3240 pectore
1585 3223 1586 3232 ,

309 3269 533 3349 amplectitur,
558 3269 614 3332 ubi
638 3270 792 3333 versibus
818 3269 965 3335 Cleantis
991 3271 1106 3334 citatis
1139 3271 1267 3349 pergit:
1319 3269 1478 3344 „Paratos

307 3395 367 3440 nos
393 3377 543 3440 inveniat
566 3384 666 3454 atque
690 3376 851 3456 impigros
875 3376 989 3444 iatum.
1030 3379 1090 3440 Hic
1116 3385 1168 3440 est
1184 3394 1323 3454 magnus
1340 3376 1477 3454 animus,
1585 3411 1586 3434 t

307 3485 363 3563 qui
389 3501 424 3548 se
450 3483 510 3547 deo
535 3482 693 3548 tradidit:
720 3491 754 3547 at
779 3492 896 3548 contra
921 3484 979 3546 ille
1005 3485 1147 3562 pusillus
1173 3492 1207 3548 et
1231 3484 1391 3564 degener,
1424 3482 1478 3560 qui
1585 3471 1586 3560 j

306 3592 498 3656 obluctatur
522 3597 556 3654 ct
585 3589 624 3653 de
657 3590 773 3654 ordine
798 3589 908 3654 mundi
941 3592 1025 3655 male
1051 3594 1222 3657 existimat
1247 3601 1280 3656 et
1305 3592 1478 3657 emendare

306 3699 433 3765 mavult
466 3697 545 3762 deos
582 3717 676 3776 quam
715 3700 781 3762 se.“
832 3699 950 3763 Fatum
989 3717 1069 3779 ergo
1107 3701 1154 3764 ita
1185 3701 1293 3765 omnia
1317 3701 1417 3780 regit,
1443 3707 1479 3762 ut
1585 3745 1586 3790 3

305 3805 370 3868 uisi
406 3806 439 3868 in
476 3805 668 3869 voluntaria
705 3805 901 3869 adsensione
938 3806 1079 3870 liberum
1113 3807 1288 3870 arbitrium
1316 3823 1478 3870 essenon
1585 3827 1586 3846 ν

306 3911 421 3992 possit.
447 3907 501 3992 (ci.
535 3910 682 3978 Chalcid.
716 3918 887 3977 comment.
913 3912 948 3974 in
980 3913 1066 3979 Plat.
1091 3913 1173 3976 Tim.
1200 3912 1249 3975 ed.
1278 3914 1423 3992 Wrobel,
1449 3928 1477 3992 p.

307 4025 388 4084 228:
438 4021 552 4098 „sequi
588 4035 688 4097 porro
724 4026 873 4083 nostrum
900 4026 951 4082 est
982 4026 1016 4082 et
1041 4039 1061 4083 a
1084 4018 1146 4084 fati
1172 4019 1249 4097 iugo
1276 4016 1476 4102 liberum“.).
1585 4067 1586 4080 .

306 4127 458 4192 Ceterum
495 4126 566 4190 fieri
605 4126 725 4204 potuit,
762 4132 798 4189 ut
834 4135 987 4191 nontam
1014 4129 1084 4191 suis
1109 4127 1230 4191 studiis
1255 4128 1479 4190 meditationi·
1585 4127 1586 4132 ’

307 4236 432 4312 busque
484 4253 579 4312 quam
633 4233 796 4298 Demetrii
848 4235 1052 4298 auctoritate
1099 4235 1280 4312 perductus
1320 4233 1479 4298 iudicium

307 4341 478 4406 Cleanthis
515 4360 609 4405 sunm
645 4340 782 4406 faceret.
830 4341 868 4404 ln
904 4343 1010 4421 primo
1046 4343 1132 4406 euim
1159 4341 1291 4420 dialogo
1317 4343 1357 4421 (5,
1377 4345 1475 4416 5—6)
