3224 4964
715 379 932 440 *50..

239 581 360 638 exstat.
407 573 630 652 Philosophus
666 572 755 636 solus
793 573 878 638 domi
914 574 1089 653 remansit,
1137 573 1409 651 sphaeromachia

240 700 350 746 omues
376 681 536 745 molestos
562 681 728 762 avocavit,
746 698 840 744 nemo
859 681 1030 761 inrumpit,
1055 699 1150 744 nemo
1168 681 1406 758 cogitationem

239 790 310 853 eius
335 789 483 868 impedit,
509 807 572 851 nou
598 795 713 863 crepat
737 787 867 869 ostium,
892 807 957 852 non
982 787 1158 852 adlevatur
1174 787 1301 866 velum;
1331 805 1408 850 ecce

238 897 355 973 ingens
381 895 506 958 clamor
531 913 570 957 ex
595 894 703 958 stadio
730 894 900 972 profertur
925 901 959 958 et
975 903 1115 959 mentem
1133 895 1166 958 in
1185 895 1282 959 buius
1303 894 1408 971 ipsius

237 1004 286 1066 roi
313 1003 556 1066 contentionem
591 1000 767 1065 transfert:
805 1001 948 1082 „Cogito
985 1020 1120 1082 mecum,
1157 1003 1276 1081 inquit,
1312 1020 1407 1078 quam

238 1111 332 1174 multi
372 1128 514 1187 corpora
549 1117 738 1189 exerceant,
763 1110 900 1187 ingenia
924 1128 1018 1188 quam
1049 1110 1156 1187 pauci.
1193 1107 1343 1189 Quantus
1367 1107 1407 1172 ad

238 1216 466 1294 spectaculum
501 1234 565 1278 non
601 1216 697 1280 fidele
734 1222 768 1280 et
792 1217 951 1280 lusorium
978 1216 1035 1279 fiat
1060 1233 1260 1295 concursuS,
1286 1223 1408 1293 quanta

238 1325 284 1387 sit
308 1324 398 1386 circu
430 1331 520 1386 artes
553 1324 656 1386 bonas
687 1321 844 1387 solitudo.
882 1321 985 1403 Quam
1011 1323 1172 1386 imbecilli
1197 1323 1306 1386 auimo
1331 1321 1405 1402 sint,

238 1449 373 1509 quorum
400 1431 545 1494 lacertos
570 1431 790 1508 humerosque
815 1429 981 1496 miramur.
1007 1429 1094 1493 lllud
1112 1431 1252 1494 maxime
1269 1428 1405 1494 revolvo

237 1556 381 1602 mecum:
407 1539 436 1601 si
462 1555 582 1615 corpus
607 1537 744 1614 perduci
769 1537 1008 1600 exercitatione
1033 1536 1073 1601 ad
1102 1538 1187 1601 hanc
1210 1537 1406 1614 patientiam

237 1653 358 1724 potest,
384 1663 447 1722 qua
473 1653 506 1708 et
534 1662 664 1723 pugnos
696 1643 821 1721 pariter
851 1653 885 1707 et
915 1645 1023 1707 calces
1053 1663 1118 1707 non
1143 1647 1240 1708 unius
1264 1645 1406 1707 hominis

236 1752 333 1832 ferat,
371 1771 435 1830 qua
470 1753 572 1814 solem
609 1749 876 1816 ardentissimum
918 1753 950 1814 in
986 1752 1233 1816 lerventissimo
1270 1751 1406 1827 pulvere

236 1862 403 1924 sustineus
428 1860 551 1936 aliquis
576 1867 609 1922 et
633 1860 794 1936 sauguine
813 1878 871 1922 suo
891 1858 1022 1922 madens
1040 1858 1125 1922 diem
1144 1857 1255 1923 ducat:
1284 1866 1405 1937 quanto

235 1967 366 2030 felicius
391 1967 519 2030 animus
545 1966 757 2030 corroborari
782 1967 889 2044 possit
914 1963 1000 2029 eto.“
1047 1966 1129 2029 Num
1155 1966 1229 2044 quis
1255 1984 1404 2044 umquam

235 2074 404 2138 sedatiore
440 2057 548 2136 animo
585 2074 619 2136 in
653 2091 723 2136 rem
759 2071 956 2139 invidiosam
989 2059 1213 2151 cogitationes
1237 2071 1405 2137 intendit?

236 2181 316 2245 Num
337 2180 536 2244 iustioribus
554 2181 674 2260 causis,
700 2199 795 2258 quam
813 2180 937 2243 nullius
960 2180 1061 2257 pretii
1080 2180 1125 2242 sit
1142 2178 1405 2245 demonstravit?

236 2289 291 2352 Sin
318 2297 426 2352 autem
453 2288 492 2350 ab
518 2288 720 2351 athletarum
745 2288 983 2351 certaminibus
1009 2305 1073 2349 non
1100 2285 1271 2350 admodum
1290 2285 1405 2350 crude·

235 2397 334 2477 libus,
382 2395 501 2474 quihus
551 2394 639 2457 Nero
676 2393 811 2459 favebat
847 2393 1098 2470 (l'riedlaender
1146 2393 1404 2472 Darstellungen

235 2503 512 2582 accinctae),
536 2508 602 2565 tam
629 2519 748 2566 averso
774 2500 839 2564 tuit
855 2502 963 2564 animo
981 2500 1038 2580 (cf.
1057 2519 1107 2578 ep.
1132 2507 1181 2581 15,
1200 2505 1218 2563 3
1237 2509 1271 2564 et
1288 2508 1341 2577 88,
1354 2504 1403 2576 18)

235 2609 313 2688 quid
327 2609 399 2672 eum
414 2608 453 2671 de
467 2609 704 2686 amphitheatri
718 2608 998 2672 trucidationihus
1013 2608 1215 2686 cogitavisse
1229 2606 1404 2684 putamus?

235 2717 334 2780 Nulla
358 2717 465 2794 igitur
490 2715 654 2779 dubitatio
679 2733 752 2779 esse
777 2721 896 2795 potest,
923 2716 1000 2794 quin
1018 2716 1143 2780 Seneca
1159 2716 1265 2793 magis
1283 2715 1403 2792 magis·

235 2843 308 2904 que,
332 2824 412 2887 licet
437 2831 552 2901 postea
569 2841 604 2887 se
623 2824 837 2902 continuerit,
856 2823 971 2887 intimo
988 2823 1096 2886 auimo
1119 2830 1152 2886 et
1170 2822 1269 2886 corde
1295 2821 1400 2886 odium

233 2931 444 3008 implacabile
469 2930 620 2994 ludorum
646 2930 847 3007 conceperit.

342 3058 386 3119 At
410 3074 594 3136 caveamus,
620 3073 659 3117 ne
683 3054 842 3134 grandius
871 3053 949 3133 quid
975 3054 1014 3117 de
1039 3073 1076 3117 eo
1102 3056 1318 3132 suspicemur.
1366 3052 1402 3116 ld

234 3163 318 3226 enim
356 3169 448 3226 recte
485 3162 565 3225 mihi
602 3162 638 3225 L.
675 3160 918 3224 Friedlaender
952 3160 973 3228 l.
1003 3180 1029 3227 c.
1067 3162 1233 3224 monuisse
1261 3160 1403 3239 videtur,

233 3271 375 3334 animum
401 3269 473 3332 eius
498 3287 562 3332 non
586 3285 724 3346 prorsus
749 3287 769 3331 a
792 3268 993 3345 spectaculis
1018 3268 1232 3332 abhorruisse
1257 3267 1278 3330 i.
1297 3285 1324 3334 e.
1343 3268 1400 3346 ita,

235 3383 271 3440 ut
295 3395 333 3440 ea
357 3375 490 3442 vitaret.
537 3375 658 3454 Immo,
691 3375 719 3439 si
751 3375 911 3453 singulos,
938 3375 994 3452 qui
1019 3376 1083 3438 huc
1107 3374 1286 3453 pertinent,
1311 3374 1403 3437 locos

233 3484 424 3548 accuratius
447 3481 697 3562 perpendemus,
722 3500 850 3562 vereor,
876 3491 912 3545 ut
937 3499 1019 3562 enm,
1045 3479 1130 3559 quod
1156 3482 1193 3544 F.
1220 3481 1295 3545 Chr.
1313 3482 1404 3545 Baur

232 3593 254 3658 l.
270 3610 295 3654 c.
311 3596 419 3668 pti&
453 3589 546 3670 facit,
580 3589 780 3654 Christianis
805 3606 992 3669 aequemus,
1018 3589 1075 3666 qui
1099 3589 1186 3652 hunc
1210 3587 1400 3665 adspectum

233 3697 456 3776 defugiebant.
492 3697 572 3760 Nam
590 3696 671 3761 licet
688 3697 867 3774 postremis
884 3697 975 3761 vitae
992 3695 1086 3759 aunis
1103 3715 1121 3758 a
1144 3695 1238 3774 vulgi
1255 3696 1401 3758 moribus

232 3805 364 3883 longius
388 3806 580 3884 recesserit,
606 3803 679 3868 dum
704 3804 745 3867 ad
769 3803 994 3882 gubernacula
1017 3804 1068 3866 rei
1092 3803 1247 3881 publicae
1265 3801 1402 3866 sedehat

231 3913 284 3980 vel
308 3912 424 3976 sedere
456 3910 650 3991 videbatur,
676 3912 738 3975 boc
763 3912 793 3974 ei
819 3912 933 3990 utique
957 3930 1023 3974 non
1052 3910 1184 3974 licebat.
1232 3909 1269 3973 In
1295 3910 1401 3987 primo

232 4021 271 4084 de
308 4020 483 4084 clementia
518 4018 605 4082 libro
642 4018 796 4098 (o.26,2)
844 4018 930 4082 male
977 4018 1112 4082 evenire
1168 4017 1400 4081 crudelitatem

232 4126 395 4191 ostendit:
432 4125 582 4206 „Omnia
607 4125 725 4205 inquit,
751 4132 888 4208 moesta,
913 4124 1055 4205 trepida,
1081 4124 1229 4191 confusa.
1276 4125 1400 4200 Volup-

231 4241 320 4298 tates
345 4235 436 4310 ipsae
461 4234 630 4298 timontur.
670 4232 741 4295 Non
767 4232 921 4297 convivia
945 4233 1054 4295 securi
1080 4233 1206 4310 ineunt,
1230 4230 1401 4308 inquibus

230 4341 347 4420 lingua
371 4340 516 4404 sollicite
542 4340 643 4405 etiam
668 4339 771 4404 ebriis
789 4338 1005 4403 custodienda
1022 4344 1083 4418 est,
1108 4357 1173 4402 non
1197 4337 1399 4417 spectacula,
