3224 4964
644 340 862 398 -31-

170 531 401 609 gravissimam
436 529 730 609 difficillimamque
762 530 903 594 animum
937 530 1080 594 Senecae
1107 529 1204 593 valde
1230 547 1345 591 excru-

172 639 316 702 ciavisse
352 638 551 715 putaverim.
599 635 752 701 Adfirmat
789 637 917 716 quidem
955 637 1016 703 Th.
1052 637 1229 715 Zieglerus
1264 635 1343 711 (Gn-

171 745 322 810 schiohte
359 743 419 808 dor
454 744 568 808 Ethik.
607 743 706 808 Erste
737 745 812 810 Aht.
852 745 944 808 Bonn
972 748 1053 808 1881
1095 759 1122 822 p.
1138 747 1214 818 168)
1239 760 1344 820 neque

171 852 327 916 Senecam
353 869 459 929 neque
492 852 578 914 alios
613 851 743 916 Stoicos
769 870 838 914 eam
865 851 997 915 solvere
1023 851 1181 927 potuisse.
1232 849 1345 928 Neque

172 961 304 1024 omnino
330 960 509 1043 obloqu0r;
535 960 612 1037 qnid
638 968 746 1024 autem
774 976 832 1039 pro
858 967 950 1024 certo
975 959 1092 1022 haberi
1125 968 1246 1037 potest,
1273 977 1344 1021 cnm

170 1075 222 1132 tot
254 1067 433 1146 volumina,
467 1066 499 1130 in
534 1067 586 1131 his
618 1067 754 1130 moralis
783 1066 995 1145 philosophia
1030 1069 1217 1145 Annaeana‚
1243 1066 1345 1129 inter-

172 1172 296 1239 ierint?
343 1174 466 1256 Utique
500 1175 528 1238 si
555 1182 739 1253 postremas
765 1173 926 1252 epistulas
958 1172 1154 1252 diligentius
1189 1180 1346 1236 excutere

171 1283 266 1361 velis,
292 1282 407 1345 nescio
434 1300 475 1344 an
499 1280 646 1359 vestigia
670 1281 829 1359 quaedam
849 1279 996 1344 melioris
1014 1298 1054 1344 ex
1072 1281 1134 1344 hoc
1151 1280 1345 1360 labyrintho

172 1389 283 1452 exitus
308 1395 500 1467 appareant.
548 1387 612 1451 Hic
648 1387 730 1451 enim
765 1389 859 1466 quasi
891 1396 1005 1464 partes
1030 1405 1106 1451 snas
1132 1386 1286 1450 deserere
1312 1394 1346 1450 et

171 1495 358 1575 opinionem
384 1494 475 1559 illam
501 1494 540 1558 de
567 1495 742 1559 affectibus
767 1501 804 1558 ut
821 1495 966 1572 iniquam
984 1494 1032 1558 ita
1048 1493 1164 1558 tritam
1182 1492 1345 1573 deponere

170 1602 314 1668 videtur.
362 1602 537 1681 Inspicias
570 1619 705 1682 quaeso,
739 1617 788 1680 ep.
808 1608 860 1682 aa,
874 1607 904 1682 8,
925 1602 981 1666 nbi
1014 1601 1185 1666 Platonem
1212 1610 1346 1666 secutus

172 1710 310 1782 scribit:
353 1709 592 1788 „Inrationalis
617 1725 694 1788 pars
719 1710 820 1772 animi
846 1708 926 1772 duas
944 1709 1044 1773 habet
1062 1717 1184 1788 partes
1205 1708 1344 1772 alteram

172 1816 362 1897 animosam,
387 1817 607 1896 ambitiosam,
633 1817 859 1896 impotentem,
884 1817 1027 1894 positam
1051 1817 1084 1879 in
1102 1815 1345 1890 affectionibus,

171 1924 311 1988 alteram
347 1924 515 2003 humilem,
552 1922 753 2004 languidam,
789 1923 1018 2002 voluptatibus
1054 1923 1215 1994 deditam:
1253 1923 1345 1986 illam

171 2030 374 2110 effrenatam,
412 2030 581 2095 meliorem
617 2040 738 2112 tamen,
774 2025 868 2096 ¹certe
893 2030 1069 2095 fortiorem
1094 2049 1132 2093 ac
1157 2030 1341 2109 digniorem

171 2139 246 2203 viro
272 2137 490 2216 reliquerunt,
516 2138 599 2201 hanc
624 2138 845 2216 necessariam
871 2139 989 2203 beatae
1014 2139 1104 2203 vitae
1133 2145 1345 2217 putaverunt,

171 2261 328 2308 enervem
364 2251 397 2306 et
431 2244 625 2311 abiectam.“
676 2244 739 2327 Qui
765 2254 885 2326 antem,
917 2247 1104 2326 interrogo,
1129 2244 1160 2308 id
1188 2245 1344 2308 vitiosum

172 2351 227 2414 vel
253 2351 450 2429 principium
476 2353 618 2416 omnium
646 2354 802 2417 vitiorum
829 2371 903 2418 esse
927 2361 1048 2434 potest,
1073 2354 1106 2416 in
1133 2371 1196 2432 qno
1218 2350 1345 2430 aliquid

170 2456 381 2522 fortitudinis
407 2457 647 2538 dignitatisque
673 2459 783 2525 inest?
830 2461 945 2525 Nonne
968 2479 1025 2525 res
1050 2461 1114 2524 iam
1140 2461 1173 2523 in
1199 2478 1237 2522 eo
1271 2477 1344 2524 esse

170 2564 315 2645 videtur,
356 2573 392 2629 ut
428 2566 644 2646 philosophus
681 2568 734 2631 vel
770 2569 874 2632 honos
911 2567 1049 2633 affectus
1075 2565 1253 2633 admittat?
1301 2566 1346 2630 llt

170 2670 320 2751 profecto
358 2673 389 2736 in
427 2689 476 2753 ep.
505 2679 578 2753 104,
604 2679 640 2742 3:
701 2674 962 2754 „Indulgendum
997 2683 1049 2741 est
1088 2676 1185 2754 enim,
1225 2675 1343 2754 inquit,

170 2780 321 2844 honestis
360 2779 567 2848 affectibus.“
628 2781 676 2845 Ne
717 2783 791 2860 quis
831 2790 938 2847 autem
979 2784 1100 2847 subita
1131 2791 1164 2846 et
1203 2781 1344 2845 fortuita

81 2890 84 2898 '
173 2886 309 2964 quadam
344 2889 444 2951 animi
479 2891 697 2953 commotione
728 2889 860 2954 ductum
887 2907 957 2953 eum
984 2898 1049 2954 tam
1075 2890 1235 2953 benevole
1260 2888 1344 2952 indi·

173 3010 266 3056 casse
283 2995 463 3072 existimet,
482 2995 675 3060 conferatur
692 3012 742 3076 ep.
764 3002 836 3077 tlt,
851 3002 881 3078 5,
899 2998 952 3060 uhi
972 2997 1114 3076 sapienti
1128 2997 1344 3076 perfectoque

172 3099 206 3164 id
242 3100 406 3182 concedit,
444 3102 529 3180 quod
566 3103 600 3166 in
637 3105 787 3167 omnibns
824 3105 903 3168 aliis
938 3105 1126 3168 hominibus
1155 3112 1342 3184 suspectum

171 3202 396 3287 vitiosumque
432 3209 535 3288 ducit,
572 3211 706 3275 scilicet
741 3230 902 3289 amorem3
939 3211 978 3275 ad
1012 3212 1208 3292 sapientiam
1234 3218 1344 3275 autem

171 3333 283 3378 omnes
308 3316 379 3380 nati
404 3335 515 3380 snmus
540 3313 605 3400 (ep.
625 3323 677 3400 90,
695 3318 736 3400 l).
768 3319 845 3382 illic
870 3319 976 3394 igitur
1001 3319 1100 3386 dicit:
1140 3319 1344 3398 „Eleganter

170 3423 251 3486 mihi
290 3422 423 3488 videtur
458 3424 639 3488 Panaetius
675 3425 890 3505 respondisse
926 3425 1177 3490 adulescentulo
1215 3425 1344 3490 cuidam

171 3531 357 3611 quaerenti,
395 3549 435 3594 an
473 3532 606 3610 sapiens
643 3540 812 3596 amaturus
839 3542 946 3596 esset:
972 3531 1010 3595 de
1036 3535 1198 3614 sapiente,
1223 3535 1342 3612 inquit,

169 3636 370 3702 videbimus:
396 3639 476 3701 mihi
503 3645 537 3702 et
559 3638 633 3720 tihi,
658 3641 714 3717 qni
732 3638 838 3703 adhuc
856 3659 875 3702 a
893 3639 1043 3718 sapiente
1060 3640 1159 3719 longe
1177 3641 1343 3721 absumus

170 3763 233 3806 non
271 3753 322 3808 est
358 3745 638 3826 committendum,
676 3755 712 3811 ut
748 3746 929 3810 incidamus
966 3747 998 3809 in
1034 3765 1102 3810 rem
1137 3759 1342 3828 commotam,

171 3850 395 3932 impotentem,
432 3853 531 3917 alteri
570 3854 819 3933 emancipatam,
859 3855 959 3918 vilem
996 3855 1091 3922 sihi.“
1146 3855 1192 3920 Et
1228 3855 1342 3920 deinde

170 3955 283 4033 pergit
308 3954 338 4038 (ξ
351 3959 404 4033 dl:
443 3958 557 4041 ,Quod
579 3961 761 4025 Panaetius
779 3961 818 4025 de
836 3980 947 4025 amore
966 3963 1140 4040 quaerenti
1159 3963 1343 4042 respondit,

170 4061 233 4124 hoc
258 4079 320 4139 ego
346 4064 385 4127 de
411 4068 562 4131 omnibns
587 4067 761 4132 affectibus
787 4069 891 4137 dico.“
942 4069 1033 4148 drgo
1058 4078 1164 4133 totum
1196 4070 1276 4132 illnd
1303 4070 1343 4132 dc

170 4168 348 4233 affectibus
373 4170 529 4244 iudicium
556 4176 615 4238 snb
640 4175 734 4239 finem
761 4176 979 4255 epistularum
1004 4176 1171 4239 sublatum
1189 4184 1223 4240 et
1239 4195 1342 4254 paene

170 4276 339 4341 inversum
364 4282 430 4340 est:
461 4296 524 4355 quo
557 4282 631 4357 quis
664 4292 715 4344 est
746 4283 974 4360 praestantior
1004 4282 1270 4365 perfectiorque,
1303 4302 1342 4348 eo
