3224 4964
771 401 806 410 -.
859 371 990 430 96..

294 561 354 624 deo
379 559 665 640 administrentur,
691 557 847 624 deflectet
870 557 1014 622 fortasse
1040 558 1211 638 dicetque:
1238 578 1312 623 cum
1329 561 1467 640 primam

294 667 384 731 illam
410 665 520 730 mundi
545 666 817 731 constitutionem
844 665 909 730 sibi
927 665 1007 730 deus
1025 676 1236 747 proponeret,
1261 677 1298 731 nt
1323 670 1465 732 omnium

294 775 343 838 ita
367 773 510 837 hominis
535 791 664 851 quoque
691 771 851 836 rationem
876 773 1010 850 habuit;
1036 774 1161 837 maiora
1180 781 1289 838 autem
1307 793 1379 839 aum
1399 783 1465 839 tum

294 881 446 945 molitum
482 897 566 960 esse,
603 895 698 957 quam
735 887 772 942 ut
807 879 847 943 ad
872 880 977 944 solius
1003 881 1147 944 hominis
1171 881 1331 945 i'elieitam
1359 885 1467 946 omnia

295 987 475 1052 ordinaret.
524 985 616 1068 Quod
642 984 791 1066 profecto
817 986 856 1049 de
881 987 953 1050 ben.
974 987 1133 1067 Vtrae
1171 988 1326 1066 legimus:
1378 990 1465 1070 „Nec

294 1093 525 1159 imbecillitate
561 1101 755 1173 permanent
790 1095 876 1170 (scil.
914 1095 946 1157 in
986 1093 1180 1176 proposito),
1217 1096 1274 1159 sed
1300 1096 1377 1174 qnia
1403 1116 1466 1160 non

293 1202 378 1265 libet
402 1201 442 1264 ab
460 1200 601 1280 ‘optimis
625 1201 783 1265 aberrare
809 1208 842 1265 et
859 1201 908 1265 sic
934 1202 983 1264 ire
1002 1200 1171 1265 decretum
1196 1210 1258 1266 est.
1300 1203 1338 1266 ln
1362 1205 1466 1283 prima

293 1316 403 1372 autem
439 1308 499 1371 illa
534 1309 786 1386 constitutione,
824 1327 896 1371 cum
921 1309 1079 1372 uniuersa
1104 1307 1335 1390 disponerent,
1363 1313 1464 1375 etiam

293 1422 410 1479 nostra
445 1413 602 1479 viderunt
637 1415 867 1493 rationemque
892 1415 1035 1479 hominis
1065 1414 1285 1484 lrabueruut.“
1336 1419 1466 1509 Primae

293 1521 399 1600 igitur
424 1522 517 1586 illius
553 1520 692 1600 originis
724 1523 874 1586 tenebris
900 1530 934 1586 et
959 1523 1103 1600 caligine
1129 1523 1236 1587 omnia
1261 1532 1465 1604 merguntur.

294 1628 421 1711 Quibus
457 1629 496 1691 da
533 1627 641 1692 causis
677 1636 786 1692 autem
823 1628 904 1692 deus
929 1629 962 1692 in
988 1630 1093 1708 prima
1128 1630 1189 1694 illa
1227 1632 1465 1696 corastitutione

294 1734 455 1800 eiusmodi
482 1735 565 1800 vitia
598 1734 780 1815 admiserit,
798 1754 862 1798 non
880 1735 1041 1803 audimus.
1078 1737 1179 1801 Immo
1198 1739 1286 1802 inter
1303 1740 1465 1819 mundum,

294 1843 350 1922 qni
385 1859 503 1907 causas
539 1841 698 1906 malorum
736 1843 897 1923 continet,
935 1850 968 1906 et
993 1843 1196 1909 voluntatem
1221 1844 1357 1909 deornm
1382 1846 1466 1909 mala

294 1949 551 2014 detrectantium
597 1949 707 2013 hiatus
752 1947 995 2028 discidiumque
1031 1951 1116 2014 haud
1153 1971 1290 2030 parvum
1341 1954 1465 2032 aperiri

293 2053 439 2131 videtur,
470 2074 541 2119 cum
566 2062 633 2122 nat.
666 2064 795 2134 quaest.
816 2055 951 2138 Vl,3,l
986 2058 1152 2138 legamus:
1204 2059 1310 2137 „Illud
1336 2080 1465 2140 quoque

294 2163 447 2242 proderit
470 2180 684 2241 praesumere
710 2165 829 2244 enimn,
855 2151 938 2228 nihil
965 2165 1081 2228 horum
1108 2165 1187 2229 deos
1212 2166 1335 2249 facere,
1360 2187 1465 2248 neque

295 2272 346 2334 ira
381 2271 548 2335 numinum
586 2277 644 2335 aut
680 2271 806 2334 caelum
843 2273 976 2336 concuti
1013 2281 1071 2336 aut
1106 2282 1251 2342 terram:
1289 2273 1467 2341 suas'ista

295 2396 410 2442 causas
436 2378 559 2442 habent
583 2395 645 2441 nec
669 2395 710 2442 ex
727 2379 866 2456 imperio
886 2380 1051 2460 saeviunt,
1077 2379 1134 2443 sed
1152 2381 1346 2459 quibusdam
1363 2383 1466 2463 vitiis,

295 2492 332 2550 ut
357 2470 499 2563 corpora
532 2491 657 2565 nostra,
689 2486 869 2550 turbantur
901 2493 934 2549 et
958 2493 1047 2567 tunc,
1080 2505 1152 2550 cnm
1177 2486 1287 2553 facere
1314 2490 1468 2557 videntur

293 2593 460 2672 iniuriam,
486 2591 686 2670 accipiunt.“
736 2589 837 2672 Quam
870 2591 968 2673 fugit,
997 2593 1180 2671 pericnlum
1206 2597 1260 2660 hic
1284 2597 1466 2676 imminere,

293 2717 334 2763 ne
359 2700 393 2762 in
429 2705 541 2764 castra
576 2699 818 2776 Epicureorum
856 2718 987 2764 cursum
1024 2701 1134 2766 mundi
1171 2722 1189 2766 a
1225 2705 1295 2768 vita
1330 2703 1464 2767 deorum

294 2806 523 2884 separantium
546 2806 920 2884 necopinatoincidat?
960 2806 1054 2889 Quod
1078 2810 1259 2886 periculum
1286 2817 1376 2872 certe
1401 2828 1465 2872 non

296 2913 482 2992 excogitati
509 2913 678 2978 cuiusdam
705 2913 870 2993 dogmatis
894 2915 1065 2998 beneficio,
1089 2935 1153 2979 non
1185 2915 1466 2993 contemplatione

295 3020 553 3099 cognitioneqne
589 3027 727 3084 naturae
764 3021 922 3102 evitavit,
960 3022 1018 3086 sed
1054 3040 1133 3088 vero
1170 3023 1372 3101 proprioque
1414 3023 1467 3087 dei

294 3144 416 3205 amore,
442 3126 497 3205 qui
527 3127 705 3205 praecipue
723 3128 757 3191 in
774 3128 929 3205 epistulis
948 3129 1105 3193 cernitur.
1142 3129 1322 3207 Epicurum
1346 3138 1467 3209 antem,

295 3233 351 3312 qui
375 3241 441 3297 tam
467 3234 565 3297 anxie
590 3233 669 3298 deos
694 3235 727 3298 in
753 3235 986 3300 intermundiis
1010 3237 1160 3316 seclusit,
1185 3237 1286 3301 talem
1302 3245 1466 3302 secretam

294 3341 560 3406 coniunctionem
598 3341 732 3406 deorum
769 3361 842 3407 cnm
877 3344 1065 3408 hominibus
1107 3344 1298 3426 admisisse,
1335 3345 1467 3409 minime

294 3447 494 3512 credendum
524 3455 584 3512 est.
625 3449 769 3526 Scripsit
794 3450 924 3528 quidem
950 3451 989 3513 de
1014 3452 1194 3516 sanctitate
1219 3463 1253 3516 et
1277 3452 1316 3516 de
1340 3453 1467 3530 pietate

293 3555 453 3620 adversus
479 3555 557 3620 deos
574 3555 657 3635 (Cic.
675 3556 715 3620 de
733 3556 823 3624 deor.
841 3565 908 3622 nat.
926 3558 953 3640 1,
967 3563 1021 3636 41,
1038 3556 1125 3643 115),
1149 3560 1184 3623 in
1200 3560 1303 3624 tertia
1321 3559 1466 3637 epistula

293 3669 412 3742 autem,
438 3663 495 3726 ubi
519 3664 558 3726 de
584 3665 708 3741 optima
732 3665 866 3731 vivendi
892 3665 1021 3729 ratione
1033 3665 1194 3746 disserit,
1220 3667 1282 3730 hoc
1307 3686 1403 3730 tinum
1427 3667 1467 3730 de

293 3788 333 3833 ea
349 3787 386 3833 re
404 3769 497 3850 dicit,
515 3771 598 3834 nihil
616 3773 843 3848 praestantius
866 3791 940 3838 esse
956 3774 1015 3833 τοῦ
1031 3764 1103 3833 ὅσια
1119 3771 1196 3853 περὶ
1212 3773 1301 3834 θεῶν
1323 3768 1468 3848 δοξάζειν

293 3876 435 3956 (Usener
470 3877 638 3956 Epicurea
670 3898 701 3956 p.
718 3881 782 3960 65),
820 3881 981 3958 quomodo
1018 3879 1050 3943 id
1086 3879 1159 3942 fieri
1184 3888 1348 3960 oporteat,
1373 3883 1466 3945 nullo

292 3984 396 4049 verbo
422 3984 603 4066 explicans,
636 3993 672 4049 ut
704 4005 766 4051 non
800 3988 944 4065 partium
977 3986 1088 4051 studio
1114 3985 1276 4051 adductus
1302 3988 1418 4052 Cicero
1444 3989 1466 4051 l.

294 4110 320 4154 c.
346 4090 510 4156 adiecisse
546 4093 626 4157 mihi
660 4093 830 4173 videatur,
867 4095 1026 4158 lectorem
1060 4094 1182 4158 librum
1214 4093 1252 4157 de
1288 4095 1467 4160 sanctitate

294 4199 435 4278 legendo
462 4199 583 4279 ‚,ludi.“
