<?xml version="1.0" encoding="UTF-8"?>
<!DOCTYPE html PUBLIC "-//W3C//DTD XHTML 1.0 Transitional//EN"
    "http://www.w3.org/TR/xhtml1/DTD/xhtml1-transitional.dtd">
<html xmlns="http://www.w3.org/1999/xhtml" xml:lang="en" lang="en">
 <head>
  <title>
</title>
<meta http-equiv="Content-Type" content="text/html;charset=utf-8" />
  <meta name='ocr-system' content='tesseract 3.04.00' />
  <meta name='ocr-capabilities' content='ocr_page ocr_carea ocr_par ocr_line ocrx_word'/>
</head>
<body>
  <div class='ocr_page' id='page_1' title='image "./dephilosophiaea00spiegoog_0011.png"; bbox 0 0 3224 4964; ppageno 0'>
   <div class='ocr_carea' id='block_1_1' title="bbox 764 361 982 426">
    <p class='ocr_par' dir='ltr' id='par_1_1' title="bbox 764 361 982 426">
     <span class='ocr_line' id='line_1_1' title="bbox 764 361 982 426; baseline -0.014 -17"><span class='ocrx_word' id='word_1_1' title='bbox 764 361 982 426; x_wconf 59' lang='lat' dir='ltr'>⁶.q..</span> 
     </span>
    </p>
   </div>
   <div class='ocr_carea' id='block_1_2' title="bbox 285 551 1460 2457">
    <p class='ocr_par' dir='ltr' id='par_1_2' title="bbox 285 551 1460 2457">
     <span class='ocr_line' id='line_1_2' title="bbox 285 551 1458 640; baseline 0 -17"><span class='ocrx_word' id='word_1_2' title='bbox 285 551 443 640; x_wconf 72' lang='lat' dir='ltr'>tionibus</span> <span class='ocrx_word' id='word_1_3' title='bbox 481 578 565 638; x_wconf 90' lang='lat' dir='ltr'>quae</span> <span class='ocrx_word' id='word_1_4' title='bbox 594 558 693 623; x_wconf 90' lang='lat' dir='ltr'>animi</span> <span class='ocrx_word' id='word_1_5' title='bbox 718 559 756 624; x_wconf 88' lang='lat' dir='ltr'>ed</span> <span class='ocrx_word' id='word_1_6' title='bbox 792 561 918 626; x_wconf 80' lang='lat' dir='ltr'>altiora</span> <span class='ocrx_word' id='word_1_7' title='bbox 943 560 1112 624; x_wconf 88' lang='lat' dir='ltr'>tendentis</span> <span class='ocrx_word' id='word_1_8' title='bbox 1142 558 1262 623; x_wconf 90' lang='lat' dir='ltr'>studiis</span> <span class='ocrx_word' id='word_1_9' title='bbox 1296 559 1458 636; x_wconf 88' lang='lat' dir='ltr'>paulatim</span> 
     </span>
     <span class='ocr_line' id='line_1_3' title="bbox 286 666 1455 754; baseline -0.001 -23"><span class='ocrx_word' id='word_1_10' title='bbox 286 666 491 733; x_wconf 88' lang='lat' dir='ltr'>nascuntur?</span> <span class='ocrx_word' id='word_1_11' title='bbox 528 666 653 748; x_wconf 79' lang='lat' dir='ltr'>Quibus</span> <span class='ocrx_word' id='word_1_12' title='bbox 671 667 914 754; x_wconf 79' lang='lat' dir='ltr'>investigandis</span> <span class='ocrx_word' id='word_1_13' title='bbox 932 667 1206 746; x_wconf 80' lang='lat' dir='ltr'>explicandisque</span> <span class='ocrx_word' id='word_1_14' title='bbox 1224 667 1306 730; x_wconf 82' lang='lat' dir='ltr'>duae</span> <span class='ocrx_word' id='word_1_15' title='bbox 1325 666 1455 745; x_wconf 86' lang='lat' dir='ltr'>quidem</span> 
     </span>
     <span class='ocr_line' id='line_1_4' title="bbox 285 761 1457 853; baseline 0 -16"><span class='ocrx_word' id='word_1_16' title='bbox 285 792 340 838; x_wconf 90' lang='lat' dir='ltr'>res</span> <span class='ocrx_word' id='word_1_17' title='bbox 366 761 518 848; x_wconf 75' lang='lat' dir='ltr'><strong>obstant:</strong></span> <span class='ocrx_word' id='word_1_18' title='bbox 556 775 710 853; x_wconf 84' lang='lat' dir='ltr'>exiguum</span> <span class='ocrx_word' id='word_1_19' title='bbox 745 776 927 852; x_wconf 55' lang='lat' dir='ltr'>temporis»</span> <span class='ocrx_word' id='word_1_20' title='bbox 944 775 1099 852; x_wconf 88' lang='lat' dir='ltr'>spatium,</span> <span class='ocrx_word' id='word_1_21' title='bbox 1135 776 1169 837; x_wconf 92' lang='lat' dir='ltr'>in</span> <span class='ocrx_word' id='word_1_22' title='bbox 1203 773 1288 852; x_wconf 92' lang='lat' dir='ltr'>quod</span> <span class='ocrx_word' id='word_1_23' title='bbox 1320 776 1457 852; x_wconf 87' lang='lat' dir='ltr'>scripta,</span> 
     </span>
     <span class='ocr_line' id='line_1_5' title="bbox 287 880 1457 961; baseline 0.001 -18"><span class='ocrx_word' id='word_1_24' title='bbox 287 899 371 959; x_wconf 88' lang='lat' dir='ltr'>quae</span> <span class='ocrx_word' id='word_1_25' title='bbox 396 888 585 958; x_wconf 81' lang='lat' dir='ltr'>supersunt,</span> <span class='ocrx_word' id='word_1_26' title='bbox 620 880 751 961; x_wconf 86' lang='lat' dir='ltr'>cudunt,</span> <span class='ocrx_word' id='word_1_27' title='bbox 784 889 817 946; x_wconf 93' lang='lat' dir='ltr'>et</span> <span class='ocrx_word' id='word_1_28' title='bbox 841 881 914 959; x_wconf 90' lang='lat' dir='ltr'>ipsa</span> <span class='ocrx_word' id='word_1_29' title='bbox 938 880 1136 958; x_wconf 88' lang='lat' dir='ltr'>scriptorum</span> <span class='ocrx_word' id='word_1_30' title='bbox 1169 881 1331 958; x_wconf 85' lang='lat' dir='ltr'>paucitas.</span> <span class='ocrx_word' id='word_1_31' title='bbox 1377 881 1457 944; x_wconf 92' lang='lat' dir='ltr'>Nam</span> 
     </span>
     <span class='ocr_line' id='line_1_6' title="bbox 286 986 1458 1069; baseline 0.001 -19"><span class='ocrx_word' id='word_1_32' title='bbox 286 989 315 1050; x_wconf 89' lang='lat' dir='ltr'>si</span> <span class='ocrx_word' id='word_1_33' title='bbox 341 997 469 1052; x_wconf 83' lang='lat' dir='ltr'>sextum</span> <span class='ocrx_word' id='word_1_34' title='bbox 496 986 674 1069; x_wconf 80' lang='lat' dir='ltr'>dialogum,</span> <span class='ocrx_word' id='word_1_35' title='bbox 699 987 784 1066; x_wconf 91' lang='lat' dir='ltr'>quod</span> <span class='ocrx_word' id='word_1_36' title='bbox 810 987 994 1052; x_wconf 90' lang='lat' dir='ltr'>verisimile</span> <span class='ocrx_word' id='word_1_37' title='bbox 1019 997 1081 1066; x_wconf 84' lang='lat' dir='ltr'>est,</span> <span class='ocrx_word' id='word_1_38' title='bbox 1107 987 1205 1064; x_wconf 84' lang='lat' dir='ltr'>paulo</span> <span class='ocrx_word' id='word_1_39' title='bbox 1227 997 1304 1051; x_wconf 90' lang='lat' dir='ltr'>ante</span> <span class='ocrx_word' id='word_1_40' title='bbox 1322 988 1458 1051; x_wconf 86' lang='lat' dir='ltr'>exilium</span> 
     </span>
     <span class='ocr_line' id='line_1_7' title="bbox 287 1094 1459 1175; baseline -0.001 -17"><span class='ocrx_word' id='word_1_41' title='bbox 287 1113 371 1158; x_wconf 89' lang='lat' dir='ltr'>anno</span> <span class='ocrx_word' id='word_1_42' title='bbox 397 1113 426 1172; x_wconf 92' lang='lat' dir='ltr'>p.</span> <span class='ocrx_word' id='word_1_43' title='bbox 454 1095 529 1160; x_wconf 79' lang='lat' dir='ltr'>Chr.</span> <span class='ocrx_word' id='word_1_44' title='bbox 555 1115 585 1157; x_wconf 92' lang='grc'>1.</span> <span class='ocrx_word' id='word_1_45' title='bbox 604 1099 644 1158; x_wconf 89' lang='grc'>41</span> <span class='ocrx_word' id='word_1_46' title='bbox 671 1094 902 1175; x_wconf 80' lang='lat' dir='ltr'>adscribimus,</span> <span class='ocrx_word' id='word_1_47' title='bbox 926 1113 990 1158; x_wconf 95' lang='lat' dir='ltr'>non</span> <span class='ocrx_word' id='word_1_48' title='bbox 1017 1095 1091 1171; x_wconf 91' lang='lat' dir='ltr'>plus</span> <span class='ocrx_word' id='word_1_49' title='bbox 1118 1112 1213 1172; x_wconf 90' lang='lat' dir='ltr'>quam</span> <span class='ocrx_word' id='word_1_50' title='bbox 1239 1095 1363 1171; x_wconf 77' lang='lat' dir='ltr'>viginti</span> <span class='ocrx_word' id='word_1_51' title='bbox 1388 1103 1459 1159; x_wconf 90' lang='lat' dir='ltr'>tres</span> 
     </span>
     <span class='ocr_line' id='line_1_8' title="bbox 286 1197 1458 1282; baseline -0.001 -18"><span class='ocrx_word' id='word_1_52' title='bbox 286 1202 341 1265; x_wconf 89' lang='lat' dir='ltr'>vel</span> <span class='ocrx_word' id='word_1_53' title='bbox 380 1208 538 1279; x_wconf 87' lang='lat' dir='ltr'>quattuor</span> <span class='ocrx_word' id='word_1_54' title='bbox 576 1203 652 1264; x_wconf 90' lang='lat' dir='ltr'>anni</span> <span class='ocrx_word' id='word_1_55' title='bbox 693 1220 796 1279; x_wconf 91' lang='lat' dir='ltr'>nsque</span> <span class='ocrx_word' id='word_1_56' title='bbox 837 1201 878 1265; x_wconf 87' lang='lat' dir='ltr'>ad</span> <span class='ocrx_word' id='word_1_57' title='bbox 918 1209 1056 1265; x_wconf 87' lang='lat' dir='ltr'>mortem</span> <span class='ocrx_word' id='word_1_58' title='bbox 1098 1202 1139 1276; x_wconf 87' lang='lat' dir='ltr'>(a.</span> <span class='ocrx_word' id='word_1_59' title='bbox 1160 1197 1215 1282; x_wconf 87' lang='grc'>66)</span> <span class='ocrx_word' id='word_1_60' title='bbox 1252 1199 1458 1278; x_wconf 82' lang='lat' dir='ltr'>efficiuntnr3</span> 
     </span>
     <span class='ocr_line' id='line_1_9' title="bbox 287 1305 1460 1389; baseline -0.002 -17"><span class='ocrx_word' id='word_1_61' title='bbox 287 1316 427 1386; x_wconf 88' lang='lat' dir='ltr'>apparet</span> <span class='ocrx_word' id='word_1_62' title='bbox 461 1316 582 1389; x_wconf 92' lang='lat' dir='ltr'>autem,</span> <span class='ocrx_word' id='word_1_63' title='bbox 618 1316 684 1372; x_wconf 91' lang='lat' dir='ltr'>tam</span> <span class='ocrx_word' id='word_1_64' title='bbox 721 1309 816 1373; x_wconf 91' lang='lat' dir='ltr'>brevi</span> <span class='ocrx_word' id='word_1_65' title='bbox 850 1315 999 1385; x_wconf 88' lang='lat' dir='ltr'>tempore</span> <span class='ocrx_word' id='word_1_66' title='bbox 1037 1316 1071 1371; x_wconf 92' lang='lat' dir='ltr'>et</span> <span class='ocrx_word' id='word_1_67' title='bbox 1104 1315 1215 1371; x_wconf 90' lang='lat' dir='ltr'>aetate</span> <span class='ocrx_word' id='word_1_68' title='bbox 1241 1308 1304 1371; x_wconf 87' lang='lat' dir='ltr'>iam</span> <span class='ocrx_word' id='word_1_69' title='bbox 1329 1305 1460 1371; x_wconf 89' lang='lat' dir='ltr'>firmata</span> 
     </span>
     <span class='ocr_line' id='line_1_10' title="bbox 287 1414 1459 1494; baseline -0.002 -15"><span class='ocrx_word' id='word_1_70' title='bbox 287 1415 359 1479; x_wconf 91' lang='lat' dir='ltr'>fieri</span> <span class='ocrx_word' id='word_1_71' title='bbox 394 1434 458 1479; x_wconf 91' lang='lat' dir='ltr'>non</span> <span class='ocrx_word' id='word_1_72' title='bbox 495 1414 656 1494; x_wconf 86' lang='lat' dir='ltr'>potuisse,</span> <span class='ocrx_word' id='word_1_73' title='bbox 693 1423 729 1480; x_wconf 87' lang='lat' dir='ltr'>ut</span> <span class='ocrx_word' id='word_1_74' title='bbox 764 1422 836 1480; x_wconf 92' lang='lat' dir='ltr'>tota</span> <span class='ocrx_word' id='word_1_75' title='bbox 871 1415 969 1479; x_wconf 91' lang='lat' dir='ltr'>animi</span> <span class='ocrx_word' id='word_1_76' title='bbox 1007 1415 1096 1479; x_wconf 88' lang='lat' dir='ltr'>ratio</span> <span class='ocrx_word' id='word_1_77' title='bbox 1132 1415 1352 1492; x_wconf 86' lang='lat' dir='ltr'>uoluntasque</span> <span class='ocrx_word' id='word_1_78' title='bbox 1384 1432 1459 1477; x_wconf 93' lang='lat' dir='ltr'>con·</span> 
     </span>
     <span class='ocr_line' id='line_1_11' title="bbox 286 1519 1457 1601; baseline -0.005 -13"><span class='ocrx_word' id='word_1_79' title='bbox 286 1530 501 1588; x_wconf 79' lang='lat' dir='ltr'>verterentur</span> <span class='ocrx_word' id='word_1_80' title='bbox 534 1530 567 1586; x_wconf 87' lang='lat' dir='ltr'>et</span> <span class='ocrx_word' id='word_1_81' title='bbox 596 1523 815 1600; x_wconf 90' lang='lat' dir='ltr'>philosophus</span> <span class='ocrx_word' id='word_1_82' title='bbox 845 1523 960 1600; x_wconf 84' lang='lat' dir='ltr'>aliam,</span> <span class='ocrx_word' id='word_1_83' title='bbox 990 1529 1027 1585; x_wconf 90' lang='grc'>11</span> <span class='ocrx_word' id='word_1_84' title='bbox 1061 1522 1110 1585; x_wconf 87' lang='lat' dir='ltr'>ita</span> <span class='ocrx_word' id='word_1_85' title='bbox 1143 1519 1260 1601; x_wconf 89' lang='lat' dir='ltr'>dicam,</span> <span class='ocrx_word' id='word_1_86' title='bbox 1286 1539 1457 1597; x_wconf 88' lang='lat' dir='ltr'>porsonam</span> 
     </span>
     <span class='ocr_line' id='line_1_12' title="bbox 287 1627 1459 1707; baseline -0.002 -15"><span class='ocrx_word' id='word_1_87' title='bbox 287 1629 451 1698; x_wconf 83' lang='lat' dir='ltr'>indueret.</span> <span class='ocrx_word' id='word_1_88' title='bbox 479 1629 616 1694; x_wconf 79' lang='lat' dir='ltr'>Accedit</span> <span class='ocrx_word' id='word_1_89' title='bbox 628 1629 715 1707; x_wconf 92' lang='lat' dir='ltr'>quod</span> <span class='ocrx_word' id='word_1_90' title='bbox 728 1630 928 1706; x_wconf 85' lang='lat' dir='ltr'>scriptorum</span> <span class='ocrx_word' id='word_1_91' title='bbox 943 1629 1095 1704; x_wconf 85' lang='lat' dir='ltr'>paucitas</span> <span class='ocrx_word' id='word_1_92' title='bbox 1109 1629 1144 1691; x_wconf 93' lang='lat' dir='ltr'>in</span> <span class='ocrx_word' id='word_1_93' title='bbox 1158 1628 1340 1706; x_wconf 90' lang='lat' dir='ltr'>quamlibet</span> <span class='ocrx_word' id='word_1_94' title='bbox 1353 1627 1459 1704; x_wconf 91' lang='lat' dir='ltr'>philo-</span> 
     </span>
     <span class='ocr_line' id='line_1_13' title="bbox 288 1734 1460 1814; baseline -0.002 -16"><span class='ocrx_word' id='word_1_95' title='bbox 288 1737 425 1814; x_wconf 85' lang='lat' dir='ltr'>sophiae</span> <span class='ocrx_word' id='word_1_96' title='bbox 455 1737 589 1801; x_wconf 78' lang='lat' dir='ltr'>Stoicae</span> <span class='ocrx_word' id='word_1_97' title='bbox 624 1744 751 1813; x_wconf 89' lang='lat' dir='ltr'>partem</span> <span class='ocrx_word' id='word_1_98' title='bbox 782 1736 953 1814; x_wconf 87' lang='lat' dir='ltr'>inquirere</span> <span class='ocrx_word' id='word_1_99' title='bbox 983 1734 1200 1813; x_wconf 85' lang='lat' dir='ltr'>singulosque</span> <span class='ocrx_word' id='word_1_100' title='bbox 1230 1735 1302 1797; x_wconf 90' lang='lat' dir='ltr'>cius</span> <span class='ocrx_word' id='word_1_101' title='bbox 1335 1734 1460 1812; x_wconf 84' lang='lat' dir='ltr'>gradus</span> 
     </span>
     <span class='ocr_line' id='line_1_14' title="bbox 289 1840 1459 1921; baseline -0.003 -14"><span class='ocrx_word' id='word_1_102' title='bbox 289 1843 445 1921; x_wconf 83' lang='lat' dir='ltr'>detegere</span> <span class='ocrx_word' id='word_1_103' title='bbox 476 1843 652 1920; x_wconf 87' lang='lat' dir='ltr'>prohibet:</span> <span class='ocrx_word' id='word_1_104' title='bbox 689 1843 809 1906; x_wconf 90' lang='lat' dir='ltr'>electio</span> <span class='ocrx_word' id='word_1_105' title='bbox 846 1841 1005 1920; x_wconf 90' lang='lat' dir='ltr'>quaedem</span> <span class='ocrx_word' id='word_1_106' title='bbox 1043 1840 1193 1906; x_wconf 90' lang='lat' dir='ltr'>habenda</span> <span class='ocrx_word' id='word_1_107' title='bbox 1228 1847 1288 1904; x_wconf 87' lang='lat' dir='ltr'>est.</span> <span class='ocrx_word' id='word_1_108' title='bbox 1338 1841 1459 1903; x_wconf 90' lang='lat' dir='ltr'>Verum</span> 
     </span>
     <span class='ocr_line' id='line_1_15' title="bbox 289 1946 1458 2027; baseline -0.006 -12"><span class='ocrx_word' id='word_1_109' title='bbox 289 1952 388 2015; x_wconf 89' lang='lat' dir='ltr'>etiarn</span> <span class='ocrx_word' id='word_1_110' title='bbox 413 1950 527 2014; x_wconf 88' lang='lat' dir='ltr'>hacsi</span> <span class='ocrx_word' id='word_1_111' title='bbox 553 1968 616 2013; x_wconf 93' lang='grc'>101</span> <span class='ocrx_word' id='word_1_112' title='bbox 642 1949 859 2027; x_wconf 85' lang='lat' dir='ltr'>perfectione,</span> <span class='ocrx_word' id='word_1_113' title='bbox 884 1956 919 2013; x_wconf 90' lang='lat' dir='ltr'>at</span> <span class='ocrx_word' id='word_1_114' title='bbox 943 1957 1064 2012; x_wconf 90' lang='lat' dir='ltr'>conatu.</span> <span class='ocrx_word' id='word_1_115' title='bbox 1088 1957 1199 2013; x_wconf 92' lang='lat' dir='ltr'>tamen</span> <span class='ocrx_word' id='word_1_116' title='bbox 1224 1955 1322 2025; x_wconf 90' lang='lat' dir='ltr'>atque</span> <span class='ocrx_word' id='word_1_117' title='bbox 1348 1946 1458 2009; x_wconf 88' lang='lat' dir='ltr'>adum-</span> 
     </span>
     <span class='ocr_line' id='line_1_16' title="bbox 290 2053 1459 2140; baseline -0.004 -20"><span class='ocrx_word' id='word_1_118' title='bbox 290 2057 441 2140; x_wconf 90' lang='lat' dir='ltr'>bratione</span> <span class='ocrx_word' id='word_1_119' title='bbox 478 2057 660 2137; x_wconf 87' lang='lat' dir='ltr'>symbolam</span> <span class='ocrx_word' id='word_1_120' title='bbox 686 2056 830 2121; x_wconf 87' lang='lat' dir='ltr'>fortasse</span> <span class='ocrx_word' id='word_1_121' title='bbox 868 2056 954 2119; x_wconf 92' lang='lat' dir='ltr'>haud</span> <span class='ocrx_word' id='word_1_122' title='bbox 983 2073 1118 2132; x_wconf 88' lang='lat' dir='ltr'>parvam</span> <span class='ocrx_word' id='word_1_123' title='bbox 1144 2054 1185 2117; x_wconf 90' lang='lat' dir='ltr'>ad</span> <span class='ocrx_word' id='word_1_124' title='bbox 1216 2053 1459 2132; x_wconf 88' lang='lat' dir='ltr'>philosophiam</span> 
     </span>
     <span class='ocr_line' id='line_1_17' title="bbox 292 2159 1458 2241; baseline -0.003 -15"><span class='ocrx_word' id='word_1_125' title='bbox 292 2167 500 2227; x_wconf 81' lang='lat' dir='ltr'>Annaeauem</span> <span class='ocrx_word' id='word_1_126' title='bbox 526 2163 759 2229; x_wconf 90' lang='lat' dir='ltr'>illustrandam</span> <span class='ocrx_word' id='word_1_127' title='bbox 785 2181 835 2226; x_wconf 89' lang='lat' dir='ltr'>me</span> <span class='ocrx_word' id='word_1_128' title='bbox 861 2163 939 2226; x_wconf 90' lang='lat' dir='ltr'>dare</span> <span class='ocrx_word' id='word_1_129' title='bbox 965 2180 1063 2240; x_wconf 90' lang='lat' dir='ltr'>posse</span> <span class='ocrx_word' id='word_1_130' title='bbox 1089 2179 1199 2238; x_wconf 89' lang='lat' dir='ltr'>spero.</span> <span class='ocrx_word' id='word_1_131' title='bbox 1236 2160 1307 2241; x_wconf 75' lang='lat' dir='ltr'>Quo</span> <span class='ocrx_word' id='word_1_132' title='bbox 1325 2159 1458 2223; x_wconf 85' lang='lat' dir='ltr'>facilius</span> 
     </span>
     <span class='ocr_line' id='line_1_18' title="bbox 290 2269 1459 2352; baseline -0.005 -18"><span class='ocrx_word' id='word_1_133' title='bbox 290 2279 398 2335; x_wconf 89' lang='lat' dir='ltr'>autem</span> <span class='ocrx_word' id='word_1_134' title='bbox 426 2289 474 2352; x_wconf 89' lang='lat' dir='ltr'>ea,</span> <span class='ocrx_word' id='word_1_135' title='bbox 500 2289 583 2350; x_wconf 92' lang='lat' dir='ltr'>quae</span> <span class='ocrx_word' id='word_1_136' title='bbox 601 2278 795 2350; x_wconf 89' lang='lat' dir='ltr'>sequuntur,</span> <span class='ocrx_word' id='word_1_137' title='bbox 821 2271 1074 2350; x_wconf 85' lang='lat' dir='ltr'>intellegantur,</span> <span class='ocrx_word' id='word_1_138' title='bbox 1099 2269 1242 2332; x_wconf 92' lang='lat' dir='ltr'>indicem</span> <span class='ocrx_word' id='word_1_139' title='bbox 1259 2269 1459 2346; x_wconf 90' lang='lat' dir='ltr'>scriptorum</span> 
     </span>
     <span class='ocr_line' id='line_1_19' title="bbox 291 2375 1405 2457; baseline -0.001 -16"><span class='ocrx_word' id='word_1_140' title='bbox 291 2397 349 2457; x_wconf 92' lang='lat' dir='ltr'>pro</span> <span class='ocrx_word' id='word_1_141' title='bbox 374 2387 558 2456; x_wconf 89' lang='lat' dir='ltr'>temporum</span> <span class='ocrx_word' id='word_1_142' title='bbox 582 2377 699 2441; x_wconf 88' lang='lat' dir='ltr'>ordine</span> <span class='ocrx_word' id='word_1_143' title='bbox 724 2378 930 2455; x_wconf 87' lang='lat' dir='ltr'>digestorum</span> <span class='ocrx_word' id='word_1_144' title='bbox 954 2377 1156 2454; x_wconf 83' lang='lat' dir='ltr'>subiungere</span> <span class='ocrx_word' id='word_1_145' title='bbox 1181 2377 1261 2439; x_wconf 92' lang='lat' dir='ltr'>mihi</span> <span class='ocrx_word' id='word_1_146' title='bbox 1286 2375 1405 2440; x_wconf 90' lang='lat' dir='ltr'>liceat:</span> 
     </span>
    </p>
   </div>
   <div class='ocr_carea' id='block_1_3' title="bbox 339 2500 1332 3968">
    <p class='ocr_par' dir='ltr' id='par_1_3' title="bbox 339 2500 1332 3968">
     <span class='ocr_line' id='line_1_20' title="bbox 371 2500 1241 2585; baseline -0.008 -17"><span class='ocrx_word' id='word_1_147' title='bbox 371 2503 398 2570; x_wconf 86' lang='grc'>1.</span> <span class='ocrx_word' id='word_1_148' title='bbox 424 2503 476 2566; x_wconf 82' lang='lat' dir='ltr'>Ad</span> <span class='ocrx_word' id='word_1_149' title='bbox 499 2504 658 2568; x_wconf 89' lang='lat' dir='ltr'>Marciam</span> <span class='ocrx_word' id='word_1_150' title='bbox 684 2500 853 2585; x_wconf 85' lang='lat' dir='ltr'>(dialogus</span> <span class='ocrx_word' id='word_1_151' title='bbox 873 2503 931 2580; x_wconf 89' lang='lat' dir='ltr'>VI)</span> <span class='ocrx_word' id='word_1_152' title='bbox 956 2521 984 2565; x_wconf 91' lang='lat' dir='ltr'>a.</span> <span class='ocrx_word' id='word_1_153' title='bbox 1002 2521 1033 2579; x_wconf 84' lang='lat' dir='ltr'>p.</span> <span class='ocrx_word' id='word_1_154' title='bbox 1052 2501 1127 2566; x_wconf 83' lang='lat' dir='ltr'>Chr.</span> <span class='ocrx_word' id='word_1_155' title='bbox 1146 2505 1241 2565; x_wconf 86' lang='grc'>141.</span> 
     </span>
     <span class='ocr_line' id='line_1_21' title="bbox 425 2609 874 2688; baseline -0.002 -15"><span class='ocrx_word' id='word_1_156' title='bbox 425 2609 475 2673; x_wconf 90' lang='lat' dir='ltr'>Ad</span> <span class='ocrx_word' id='word_1_157' title='bbox 501 2611 652 2675; x_wconf 88' lang='lat' dir='ltr'>Helviam</span> <span class='ocrx_word' id='word_1_158' title='bbox 679 2610 766 2688; x_wconf 86' lang='lat' dir='ltr'>(dial.</span> <span class='ocrx_word' id='word_1_159' title='bbox 784 2609 874 2684; x_wconf 87' lang='lat' dir='ltr'>XII).</span> 
     </span>
     <span class='ocr_line' id='line_1_22' title="bbox 426 2714 886 2798; baseline 0 -18"><span class='ocrx_word' id='word_1_160' title='bbox 426 2716 476 2780; x_wconf 86' lang='lat' dir='ltr'>Ad</span> <span class='ocrx_word' id='word_1_161' title='bbox 501 2717 675 2798; x_wconf 90' lang='lat' dir='ltr'>Polybium</span> <span class='ocrx_word' id='word_1_162' title='bbox 702 2717 793 2792; x_wconf 88' lang='lat' dir='ltr'>(dial.</span> <span class='ocrx_word' id='word_1_163' title='bbox 811 2714 886 2798; x_wconf 87' lang='grc' dir='ltr'>ΧΙ).</span> 
     </span>
     <span class='ocr_line' id='line_1_23' title="bbox 355 2819 1090 2904; baseline -0.007 -16"><span class='ocrx_word' id='word_1_164' title='bbox 355 2823 399 2888; x_wconf 90' lang='lat' dir='ltr'>II.</span> <span class='ocrx_word' id='word_1_165' title='bbox 427 2823 475 2886; x_wconf 87' lang='lat' dir='ltr'>De</span> <span class='ocrx_word' id='word_1_166' title='bbox 499 2823 666 2888; x_wconf 87' lang='lat' dir='ltr'>brevitate</span> <span class='ocrx_word' id='word_1_167' title='bbox 690 2823 782 2889; x_wconf 84' lang='lat' dir='ltr'>vitae</span> <span class='ocrx_word' id='word_1_168' title='bbox 807 2821 895 2896; x_wconf 83' lang='lat' dir='ltr'>(dial.</span> <span class='ocrx_word' id='word_1_169' title='bbox 910 2819 965 2904; x_wconf 85' lang='lat' dir='ltr'>X).</span> <span class='ocrx_word' id='word_1_170' title='bbox 991 2840 1019 2884; x_wconf 90' lang='lat' dir='ltr'>a.</span> <span class='ocrx_word' id='word_1_171' title='bbox 1037 2826 1090 2884; x_wconf 86' lang='lat'>49.</span> 
     </span>
     <span class='ocr_line' id='line_1_24' title="bbox 425 2929 848 2995; baseline -0.002 -2"><span class='ocrx_word' id='word_1_172' title='bbox 425 2931 474 2993; x_wconf 92' lang='lat' dir='ltr'>De</span> <span class='ocrx_word' id='word_1_173' title='bbox 500 2930 678 2995; x_wconf 90' lang='lat' dir='ltr'>clementia</span> <span class='ocrx_word' id='word_1_174' title='bbox 703 2930 783 2993; x_wconf 90' lang='lat' dir='ltr'>libri</span> <span class='ocrx_word' id='word_1_175' title='bbox 803 2929 848 2993; x_wconf 93' lang='lat' dir='ltr'>II.</span> 
     </span>
     <span class='ocr_line' id='line_1_25' title="bbox 426 3030 1226 3120; baseline -0.008 -20"><span class='ocrx_word' id='word_1_176' title='bbox 426 3038 475 3100; x_wconf 92' lang='lat' dir='ltr'>De</span> <span class='ocrx_word' id='word_1_177' title='bbox 500 3038 551 3100; x_wconf 88' lang='lat' dir='ltr'>ira</span> <span class='ocrx_word' id='word_1_178' title='bbox 575 3037 654 3101; x_wconf 91' lang='lat' dir='ltr'>libri</span> <span class='ocrx_word' id='word_1_179' title='bbox 670 3036 723 3101; x_wconf 92' lang='grc'>111</span> <span class='ocrx_word' id='word_1_180' title='bbox 747 3033 839 3120; x_wconf 92' lang='lat' dir='ltr'>(dial.</span> <span class='ocrx_word' id='word_1_181' title='bbox 857 3034 998 3110; x_wconf 84' lang='lat' dir='ltr'>III—V)</span> <span class='ocrx_word' id='word_1_182' title='bbox 1024 3030 1226 3097; x_wconf 71' lang='grc'>164-621</span> 
     </span>
     <span class='ocr_line' id='line_1_26' title="bbox 427 3136 1068 3222; baseline -0.005 -15"><span class='ocrx_word' id='word_1_183' title='bbox 427 3143 475 3207; x_wconf 92' lang='lat' dir='ltr'>De</span> <span class='ocrx_word' id='word_1_184' title='bbox 501 3143 688 3207; x_wconf 89' lang='lat' dir='ltr'>constantia</span> <span class='ocrx_word' id='word_1_185' title='bbox 713 3141 874 3220; x_wconf 92' lang='lat' dir='ltr'>sapientis</span> <span class='ocrx_word' id='word_1_186' title='bbox 899 3136 1068 3222; x_wconf 75' lang='grc'>(1111111).</span> 
     </span>
     <span class='ocr_line' id='line_1_27' title="bbox 428 3245 1039 3327; baseline -0.008 -13"><span class='ocrx_word' id='word_1_187' title='bbox 428 3250 476 3314; x_wconf 91' lang='lat' dir='ltr'>De</span> <span class='ocrx_word' id='word_1_188' title='bbox 501 3250 570 3316; x_wconf 88' lang='lat' dir='ltr'>vita</span> <span class='ocrx_word' id='word_1_189' title='bbox 595 3252 692 3315; x_wconf 85' lang='lat' dir='ltr'>beata</span> <span class='ocrx_word' id='word_1_190' title='bbox 718 3248 805 3325; x_wconf 89' lang='lat' dir='ltr'>(dial.</span> <span class='ocrx_word' id='word_1_191' title='bbox 825 3247 902 3327; x_wconf 83' lang='lat' dir='ltr'>VII)</span> <span class='ocrx_word' id='word_1_192' title='bbox 927 3267 955 3310; x_wconf 89' lang='lat' dir='ltr'>a.</span> <span class='ocrx_word' id='word_1_193' title='bbox 975 3245 1039 3310; x_wconf 79' lang='lat' dir='ltr'>te?</span> 
     </span>
     <span class='ocr_line' id='line_1_28' title="bbox 427 3351 1292 3438; baseline -0.009 -18"><span class='ocrx_word' id='word_1_194' title='bbox 427 3357 475 3421; x_wconf 88' lang='lat' dir='ltr'>De</span> <span class='ocrx_word' id='word_1_195' title='bbox 499 3357 746 3435; x_wconf 89' lang='lat' dir='ltr'>tranquillitate</span> <span class='ocrx_word' id='word_1_196' title='bbox 770 3355 871 3419; x_wconf 90' lang='lat' dir='ltr'>animi</span> <span class='ocrx_word' id='word_1_197' title='bbox 897 3351 989 3438; x_wconf 89' lang='lat' dir='ltr'>(dial.</span> <span class='ocrx_word' id='word_1_198' title='bbox 1003 3354 1066 3430; x_wconf 84' lang='lat' dir='ltr'>IX)</span> <span class='ocrx_word' id='word_1_199' title='bbox 1091 3360 1168 3416; x_wconf 89' lang='lat' dir='ltr'>ante</span> <span class='ocrx_word' id='word_1_200' title='bbox 1192 3356 1292 3418; x_wconf 74' lang='grc'>169.</span> 
     </span>
     <span class='ocr_line' id='line_1_29' title="bbox 339 3460 928 3545; baseline -0.008 -16"><span class='ocrx_word' id='word_1_201' title='bbox 339 3463 399 3529; x_wconf 91' lang='grc'>111.</span> <span class='ocrx_word' id='word_1_202' title='bbox 426 3465 474 3528; x_wconf 88' lang='lat' dir='ltr'>De</span> <span class='ocrx_word' id='word_1_203' title='bbox 500 3465 568 3528; x_wconf 90' lang='grc'>0110</span> <span class='ocrx_word' id='word_1_204' title='bbox 595 3460 928 3545; x_wconf 61' lang='grc'>(11111111161.</span> 
     </span>
     <span class='ocr_line' id='line_1_30' title="bbox 431 3569 938 3646; baseline -0.008 -11"><span class='ocrx_word' id='word_1_205' title='bbox 431 3572 477 3635; x_wconf 89' lang='lat' dir='ltr'>De</span> <span class='ocrx_word' id='word_1_206' title='bbox 503 3570 673 3635; x_wconf 90' lang='lat' dir='ltr'>beneficiis</span> <span class='ocrx_word' id='word_1_207' title='bbox 697 3569 777 3633; x_wconf 91' lang='lat' dir='ltr'>libri</span> <span class='ocrx_word' id='word_1_208' title='bbox 802 3576 938 3646; x_wconf 86' lang='lat' dir='ltr'>septem.</span> 
     </span>
     <span class='ocr_line' id='line_1_31' title="bbox 430 3673 1023 3758; baseline -0.007 -16"><span class='ocrx_word' id='word_1_209' title='bbox 430 3678 478 3742; x_wconf 91' lang='lat' dir='ltr'>De</span> <span class='ocrx_word' id='word_1_210' title='bbox 503 3676 716 3756; x_wconf 87' lang='lat' dir='ltr'>providentia</span> <span class='ocrx_word' id='word_1_211' title='bbox 741 3673 831 3758; x_wconf 85' lang='lat' dir='ltr'>(dial.</span> <span class='ocrx_word' id='word_1_212' title='bbox 848 3675 878 3757; x_wconf 91' lang='grc' dir='ltr'>Ι)</span> <span class='ocrx_word' id='word_1_213' title='bbox 904 3673 1023 3742; x_wconf 71' lang='grc'>1621</span> 
     </span>
     <span class='ocr_line' id='line_1_32' title="bbox 429 3773 1332 3861; baseline -0.008 -14"><span class='ocrx_word' id='word_1_214' title='bbox 429 3784 637 3847; x_wconf 91' lang='lat' dir='ltr'>Naturalium</span> <span class='ocrx_word' id='word_1_215' title='bbox 663 3783 892 3861; x_wconf 87' lang='lat' dir='ltr'>quaestionum</span> <span class='ocrx_word' id='word_1_216' title='bbox 917 3782 996 3845; x_wconf 90' lang='lat' dir='ltr'>libri</span> <span class='ocrx_word' id='word_1_217' title='bbox 1023 3787 1148 3857; x_wconf 90' lang='lat' dir='ltr'>septem</span> <span class='ocrx_word' id='word_1_218' title='bbox 1174 3773 1332 3854; x_wconf 73' lang='grc'>162163.</span> 
     </span>
     <span class='ocr_line' id='line_1_33' title="bbox 430 3886 1120 3968; baseline -0.009 -14"><span class='ocrx_word' id='word_1_219' title='bbox 430 3891 657 3968; x_wconf 81' lang='lat' dir='ltr'>Epistularum</span> <span class='ocrx_word' id='word_1_220' title='bbox 682 3890 857 3954; x_wconf 92' lang='lat' dir='ltr'>moralium</span> <span class='ocrx_word' id='word_1_221' title='bbox 882 3889 960 3952; x_wconf 92' lang='lat' dir='ltr'>libri</span> <span class='ocrx_word' id='word_1_222' title='bbox 986 3886 1120 3965; x_wconf 88' lang='lat' dir='ltr'>viginti.</span> 
     </span>
    </p>
   </div>
   <div class='ocr_carea' id='block_1_4' title="bbox 296 4005 1467 4413">
    <p class='ocr_par' dir='ltr' id='par_1_4' title="bbox 296 4005 1467 4413">
     <span class='ocr_line' id='line_1_34' title="bbox 297 4005 1466 4090; baseline -0.011 -10"><span class='ocrx_word' id='word_1_223' title='bbox 297 4015 524 4081; x_wconf 75' lang='lat' dir='ltr'>Fundamenta</span> <span class='ocrx_word' id='word_1_224' title='bbox 557 4015 729 4078; x_wconf 91' lang='lat' dir='ltr'>doctrinae</span> <span class='ocrx_word' id='word_1_225' title='bbox 754 4013 887 4077; x_wconf 87' lang='lat' dir='ltr'>Stoicae</span> <span class='ocrx_word' id='word_1_226' title='bbox 912 4010 1160 4090; x_wconf 85' lang='lat' dir='ltr'>metaphysicae</span> <span class='ocrx_word' id='word_1_227' title='bbox 1184 4025 1261 4072; x_wconf 88' lang='lat' dir='ltr'>raro</span> <span class='ocrx_word' id='word_1_228' title='bbox 1292 4005 1422 4084; x_wconf 91' lang='lat' dir='ltr'>quidem</span> <span class='ocrx_word' id='word_1_229' title='bbox 1447 4024 1466 4067; x_wconf 88' lang='lat' dir='ltr'>a</span> 
     </span>
     <span class='ocr_line' id='line_1_35' title="bbox 297 4113 1465 4201; baseline -0.012 -13"><span class='ocrx_word' id='word_1_230' title='bbox 297 4125 423 4188; x_wconf 85' lang='lat' dir='ltr'>Seneca</span> <span class='ocrx_word' id='word_1_231' title='bbox 442 4122 666 4201; x_wconf 84' lang='lat' dir='ltr'>attinguntur,</span> <span class='ocrx_word' id='word_1_232' title='bbox 690 4119 907 4184; x_wconf 90' lang='lat' dir='ltr'>nihilominus</span> <span class='ocrx_word' id='word_1_233' title='bbox 928 4119 990 4182; x_wconf 93' lang='lat' dir='ltr'>hoc</span> <span class='ocrx_word' id='word_1_234' title='bbox 1015 4135 1074 4195; x_wconf 88' lang='lat' dir='ltr'>pro</span> <span class='ocrx_word' id='word_1_235' title='bbox 1100 4125 1193 4180; x_wconf 91' lang='lat' dir='ltr'>certo</span> <span class='ocrx_word' id='word_1_236' title='bbox 1211 4133 1345 4192; x_wconf 88' lang='lat' dir='ltr'>ponam:</span> <span class='ocrx_word' id='word_1_237' title='bbox 1371 4121 1407 4176; x_wconf 92' lang='lat' dir='ltr'>nt</span> <span class='ocrx_word' id='word_1_238' title='bbox 1431 4113 1465 4174; x_wconf 95' lang='lat' dir='ltr'>in</span> 
     </span>
     <span class='ocr_line' id='line_1_36' title="bbox 297 4222 1465 4310; baseline -0.011 -15"><span class='ocrx_word' id='word_1_239' title='bbox 297 4230 433 4310; x_wconf 83' lang='lat' dir='ltr'>ultimis,</span> <span class='ocrx_word' id='word_1_240' title='bbox 463 4247 547 4307; x_wconf 88' lang='lat' dir='ltr'>quae</span> <span class='ocrx_word' id='word_1_241' title='bbox 581 4234 706 4307; x_wconf 78' lang='lat' dir='ltr'>extant,</span> <span class='ocrx_word' id='word_1_242' title='bbox 737 4227 874 4303; x_wconf 88' lang='lat' dir='ltr'>scriptis</span> <span class='ocrx_word' id='word_1_243' title='bbox 908 4225 1033 4304; x_wconf 93' lang='lat' dir='ltr'>optimo</span> <span class='ocrx_word' id='word_1_244' title='bbox 1066 4225 1140 4287; x_wconf 94' lang='lat' dir='ltr'>iure</span> <span class='ocrx_word' id='word_1_245' title='bbox 1170 4223 1319 4299; x_wconf 82' lang='lat' dir='ltr'>locuples</span> <span class='ocrx_word' id='word_1_246' title='bbox 1351 4222 1465 4283; x_wconf 91' lang='lat' dir='ltr'>harum</span> 
     </span>
     <span class='ocr_line' id='line_1_37' title="bbox 296 4327 1467 4413; baseline -0.009 -13"><span class='ocrx_word' id='word_1_247' title='bbox 296 4355 408 4402; x_wconf 91' lang='lat' dir='ltr'>rerum</span> <span class='ocrx_word' id='word_1_248' title='bbox 458 4345 576 4400; x_wconf 88' lang='lat' dir='ltr'>auctor</span> <span class='ocrx_word' id='word_1_249' title='bbox 620 4335 837 4413; x_wconf 90' lang='lat' dir='ltr'>philosophus</span> <span class='ocrx_word' id='word_1_250' title='bbox 877 4339 991 4396; x_wconf 89' lang='lat' dir='ltr'>noster</span> <span class='ocrx_word' id='word_1_251' title='bbox 1030 4330 1199 4395; x_wconf 87' lang='lat' dir='ltr'>habendus</span> <span class='ocrx_word' id='word_1_252' title='bbox 1239 4337 1305 4407; x_wconf 90' lang='lat' dir='ltr'>est,</span> <span class='ocrx_word' id='word_1_253' title='bbox 1346 4328 1394 4390; x_wconf 90' lang='lat' dir='ltr'>ita</span> <span class='ocrx_word' id='word_1_254' title='bbox 1433 4327 1467 4388; x_wconf 91' lang='lat' dir='ltr'>iu</span> 
     </span>
    </p>
   </div>
   <div class='ocr_carea' id='block_1_5' title="bbox 0 0 1625 4964">
    <p class='ocr_par' dir='ltr' id='par_1_5' title="bbox 0 0 1625 4964">
     <span class='ocr_line' id='line_1_38' title="bbox 0 0 1625 4964; baseline 0 0"><span class='ocrx_word' id='word_1_255' title='bbox 0 0 1625 4964; x_wconf 95' lang='lat' dir='ltr'> </span> 
     </span>
    </p>
   </div>
  </div>
 </body>
</html>
