3224 4964
641 433 860 494 ..41-

276 626 339 691 Ubi
363 633 474 688 autem
499 624 647 688 homines
671 621 804 689 facilius
829 623 870 687 ad
887 624 1106 689 simulandum
1123 625 1342 703 impelluntur

168 752 262 811 quam
282 733 316 795 in
334 749 372 794 eo
390 730 512 809 studio,
537 732 572 794 in
597 749 660 809 quo
686 731 812 796 Seneca
837 733 910 808 ipsc
935 750 1068 809 operam
1087 742 1120 797 et
1141 733 1249 796 oleum
1267 749 1340 809 per-

168 839 308 919 diderat,
332 840 367 902 in
384 837 495 904 studio
513 836 750 916 eloquentiae?
786 836 873 919 Quid
889 840 997 918 igitur
1013 839 1140 919 mirum,
1167 839 1196 903 si
1212 840 1341 903 animus

168 947 239 1010 eius
265 946 360 1010 initio
385 965 510 1024 pronus
527 946 560 1010 lu
579 946 722 1008 alienum
742 946 900 1023 paulatim
919 946 1163 1011 commutatur?
1189 945 1342 1025 Vestigia

168 1053 297 1132 quidem
316 1054 474 1132 quaedam
492 1054 614 1116 amoris
632 1053 768 1130 pristini
786 1061 912 1134 extant,
925 1054 1018 1118 velut
1035 1056 1067 1118 in
1086 1060 1180 1117 sexto
1194 1052 1340 1132 dialogo,

167 1161 222 1224 uhi
249 1161 470 1239 eloquentiam
497 1171 530 1225 et
556 1161 757 1239 libertatem,
783 1161 824 1222 oh
849 1179 930 1238 quas
957 1161 1091 1224 Asinius
1108 1161 1203 1224 Polio
1229 1161 1263 1223 iu
1285 1161 1340 1223 oh·

167 1267 321 1333 livionem
347 1268 518 1332 coniectus
543 1267 737 1350 videbatur,
772 1266 873 1342 „duas
898 1285 953 1332 res
978 1268 1240 1345 pulcherrimae
1268 1285 1340 1331 esse

166 1374 246 1438 dicit
271 1379 311 1450 (c.
330 1373 415 1455 l,4).
464 1375 548 1439 Item
575 1391 615 1436 ex
640 1376 753 1438 verbis
780 1374 974 1452 quibusdam
1001 1375 1187 1439 duodecimi
1213 1373 1339 1454 dialogi

166 1478 208 1565 (c.
223 1489 253 1562 6,
269 1480 302 1562 2)
321 1483 440 1560 quihus
458 1500 515 1545 eos
533 1482 694 1558 increpat,
720 1483 774 1560 qui
793 1481 944 1546 venalem
963 1482 1184 1560 eloquentiam
1203 1482 1338 1546 Romam

166 1590 355 1668 attulerint,
381 1589 534 1653 concludi
559 1595 681 1668 potest,
705 1589 738 1652 iu
764 1588 955 1668 eloquentia
980 1590 1054 1667 ipsa
1083 1607 1154 1653 eum
1180 1597 1249 1654 tum
1275 1607 1339 1652 non

167 1695 357 1762 offendisse.
404 1695 450 1759 Et
484 1697 518 1759 in
554 1696 783 1760 consolatione
819 1695 859 1759 ad
896 1696 1073 1775 Polybium
1109 1692 1243 1775 (aze)
1275 1715 1339 1758 non

166 1802 271 1865 solum
307 1803 517 1881 eloquentiae
553 1821 654 1880 opera
691 1801 908 1884 „praeclura“
947 1811 1120 1883 vocantur,
1156 1801 1339 1866 sedetiam

166 1908 273 1974 frater
305 1917 454 1974 mortuus
486 1909 652 1989 laudatur,
685 1910 771 1988 quod
806 1928 855 1990 ea,
881 1929 964 1989 quae
989 1929 1093 1987 parva
1118 1911 1196 1990 sint,
1222 1909 1339 1986 adpro·

165 2017 245 2080 bare
281 2036 341 2095 pro
377 2018 507 2096 magnis
542 2019 701 2096 potuerit,
737 2035 854 2081 rursus
885 2036 1004 2094 magna
1035 2017 1216 2082 adtenuare
1242 2016 1339 2080 etad

165 2125 299 2189 minima
331 2123 495 2187 deducere
521 2127 561 2199 (c.
579 2128 630 2203 18,
642 2121 687 2204 4).
736 2123 797 2187 Hic
823 2121 953 2201 quidem
985 2142 1089 2202 paene
1114 2125 1338 2202 sophistarum

165 2231 311 2308 argutiis
336 2229 518 2293 adhaerere
542 2228 687 2294 videtur.
722 2229 761 2292 Iu
787 2229 913 2293 decimo
939 2249 1069 2309 quoque
1094 2229 1229 2308 dialogo
1253 2231 1339 2294 nihil

166 2337 231 2400 nisi
268 2337 402 2400 nimium
440 2337 511 2400 eius
547 2336 690 2400 studium
728 2338 897 2414 castigare
932 2338 1016 2418 vult,
1053 2356 1125 2401 cum
1157 2339 1338 2401 exclamat:

169 2442 291 2525 „Quam
328 2445 505 2508 multorum
551 2445 742 2523 eloquentia
778 2442 947 2509 cotidiano
985 2445 1175 2510 ostentandi
1212 2443 1339 2522 ingenii

165 2552 274 2628 spatio
306 2551 500 2631 sanguinem
534 2551 685 2616 educit!“
723 2548 764 2634 (c.
779 2558 809 2632 2,
822 2551 866 2632 4).
904 2552 1008 2616 Paulo
1038 2551 1183 2631 iniquius
1214 2550 1340 2615 iudicat

165 2660 197 2722 in
224 2677 308 2723 nono
334 2658 469 2738 dialogo
494 2660 583 2722 inter
600 2677 657 2723 eas
674 2676 729 2723 res
746 2677 816 2723 eam
834 2677 1019 2740 numerans,
1045 2677 1128 2738 quae
1145 2660 1179 2723 in
1196 2658 1339 2737 speciem

164 2767 320 2831 laborent
344 2776 377 2831 et
402 2765 443 2830 ad
467 2766 609 2831 alianum
628 2766 820 2845 suffragium
838 2768 974 2831 veniant
992 2770 1032 2843 (c.
1049 2772 1077 2845 l,
1093 2763 1136 2850 3).
1172 2766 1211 2831 Iu
1229 2774 1338 2844 poste·

165 2874 312 2938 rioribus
356 2882 465 2939 autem
514 2873 650 2953 scriptis
685 2893 750 2938 non
786 2875 987 2952 simpliciter
1023 2873 1062 2938 de
1099 2879 1172 2938 arte
1209 2872 1338 2937 dicendi

166 2981 306 3060 quaerit,
340 2982 397 3046 sed
429 2981 468 3046 de
500 2981 684 3062 proposito,
710 2981 796 3060 quod
821 2981 986 3060 sequitur:
1019 2981 1149 3060 speruit
1172 2979 1337 3046 forensem

166 3094 199 3151 et
224 3087 503 3171 declamatoriam,
527 3091 649 3168 probat
665 3107 747 3168 eam,
773 3107 857 3168 quae
880 3089 1113 3168 philosophiae
1137 3089 1245 3154 servit
1262 3107 1338 3153 con-

166 3193 335 3272 ducitque.
383 3197 556 3276 Disiuugit
579 3205 754 3277 utramque
777 3197 810 3260 in
836 3216 886 3275 ep.
903 3202 955 3278 14,
971 3203 1027 3262 11:
1068 3197 1168 3277 „Nam
1193 3195 1338 3261 forensis

166 3301 357 3380 eloquentia
389 3310 422 3366 et
455 3322 680 3383 quaecumque
705 3305 773 3369 alia
797 3305 952 3383 populum
978 3312 1099 3384 movet,
1125 3286 1338 3369 adversarios

166 3409 283 3475 hahet:
313 3409 395 3472 haec
428 3410 540 3488 quieta
566 3418 600 3475 et
628 3411 680 3476 sui
703 3411 832 3490 negotii
858 3412 1022 3475 contemni
1046 3429 1112 3474 non
1137 3418 1258 3491 potest,
1284 3412 1338 3474 cui

166 3518 207 3582 ab
232 3517 383 3580 omnibus
408 3517 537 3580 artibus
563 3517 662 3581 etiam
687 3517 774 3595 apud
791 3519 953 3595 pessimos
970 3518 1076 3581 honor
1093 3516 1176 3582 est.“
1203 3517 1338 3582 Plenius

165 3643 234 3688 rem
267 3624 416 3702 explicat
448 3623 482 3686 in
506 3627 673 3704 ep.4u,4:
713 3624 838 3704 „Adice
872 3643 968 3704 nuuc,
993 3625 1113 3704 inquit,
1143 3625 1229 3703 quod
1254 3643 1338 3704 quae

165 3733 303 3798 veritati
321 3749 453 3809 operam
472 3730 529 3795 dat
546 3731 668 3811 cratin,
684 3731 905 3809 incomposita
922 3730 1020 3796 debet
1037 3748 1110 3796 esso
1127 3740 1162 3797 et
1180 3733 1337 3812 simplex:

165 3837 247 3902 haee
271 3840 445 3917 popularis
469 3837 550 3903 nihil
573 3839 674 3902 habet
698 3839 781 3906 veri.
816 3839 954 3903 Movere
978 3839 1052 3907 vult
1075 3840 1207 3904 turham
1232 3848 1265 3904 et
1289 3841 1337 3903 in-

165 3945 333 4008 consultas
365 3965 464 4012 aures
498 3947 623 4024 impetu
648 3963 778 4025 rupero,
804 3946 1013 4011 tractandam
1037 3965 1072 4011 so
1096 3966 1162 4011 uon
1185 3949 1336 4027 praebet,

164 4050 382 4118 aufertur...
418 4052 505 4118 Ouid
530 4053 617 4132 quod
641 4053 725 4117 haec
749 4055 869 4134 oratio,
895 4072 978 4133 quae
996 4054 1152 4119 sanandis
1169 4054 1337 4119 mentibus

163 4157 352 4239 adhibetur,
378 4159 634 4224 descenderem
659 4178 719 4224 nos
745 4159 864 4226 debet?
910 4161 1068 4227 Remedia
1091 4181 1155 4225 non
1187 4168 1336 4244 prosunt,

162 4264 227 4330 nisi
259 4267 466 4331 immorantur
497 4271 581 4336 etc.“
617 4268 655 4332 l'n
680 4286 731 4346 ep.
757 4275 808 4350 52,
832 4275 872 4333 14
894 4287 1015 4334 nocere
1041 4269 1264 4347 eloquentiam
1290 4269 1337 4334 af-

162 4373 281 4455 firmat,
317 4375 346 4438 si
381 4393 447 4440 nou
482 4392 592 4440 rerum
629 4376 847 4457 cupiditatem
880 4375 994 4460 faeiat,
1018 4375 1076 4440 sed
1101 4377 1163 4441 sui.
1203 4378 1253 4442 De
1277 4396 1337 4442 sua
