3224 4964
751 351 968 417 ,Μή

279 550 398 632 animo,
423 551 523 616 etiam
549 571 621 615 cum
645 551 764 616 volnus
789 557 938 614 sanatum
964 551 1025 628 sit,
1051 529 1244 613 cicatricem
1268 565 1450 628 remanere,

278 675 314 721 se
339 657 540 736 adiungens:
583 656 734 739 „Sentiet
757 656 881 737 itaque,
906 658 1026 736 inquit,
1063 657 1271 734 suspiciones
1296 655 1452 735 quasdam

278 771 312 828 et
352 766 483 828 umbras
520 765 713 832 affectuum:
749 765 832 842 ipsis
869 764 998 842 quidem
1037 763 1196 828 carebit.“
1243 763 1450 830 insecundo

279 871 365 935 libro
391 871 430 934 dc
456 872 508 935 ira
532 874 565 935 in
590 871 702 935 eedem
728 872 894 935 sententia
911 877 1093 948 permanet,
1120 888 1230 933 omnes
1248 869 1385 934 affectus
1411 887 1451 932 ex

279 979 386 1042 animo
412 978 578 1042 tollendos
603 997 694 1058 esse,
720 977 890 1057 additque:
940 978 1054 1058 „Nihil
1088 985 1138 1041 est
1163 986 1229 1041 tam
1255 975 1393 1040 difficile
1418 984 1451 1040 et

277 1085 425 1165 arduum,
452 1086 537 1163 quod
562 1104 626 1149 nou
651 1086 790 1148 hnmana
816 1103 906 1148 mens
932 1086 1044 1149 vincat
1068 1094 1102 1149 et
1127 1085 1160 1147 in
1186 1083 1447 1148 familiaritatem

278 1192 438 1269 perducat
473 1192 607 1256 assidua
643 1191 826 1272 meditatio,
865 1191 1014 1270 nullique
1051 1199 1128 1256 sunt
1158 1198 1222 1254 tam
1249 1189 1313 1254 leri
1338 1198 1371 1254 et
1396 1191 1446 1253 sui
1500 1221 1508 1231 ·

276 1299 360 1362 iuris
385 1300 533 1378 eli'ectus,
568 1307 605 1364 ut
633 1318 696 1363 non
723 1299 899 1376 disciplina
923 1299 1170 1379 perdomantur.
1216 1296 1449 1379 Quodcumque

278 1405 339 1468 sibi
359 1407 538 1482 imperavit
556 1407 695 1486 animus,
715 1405 859 1470 obtinuit
876 1406 962 1470 etc.“
980 1402 1023 1488 (c.
1039 1411 1091 1485 12,
1106 1402 1149 1488 3).
1168 1405 1320 1470 Ceterum
1339 1405 1381 1468 iis
1399 1423 1448 1468 as·

278 1512 415 1592 sentior,
430 1513 485 1591 qui
500 1515 637 1578 tertium
655 1514 776 1577 librum
791 1512 829 1575 de
847 1513 899 1577 ira
917 1513 1041 1576 maiore
1054 1514 1215 1590 temporis
1233 1512 1413 1576 intervallo
1431 1530 1450 1574 a

276 1621 446 1696 prioribus
471 1619 668 1684 disiunctum
695 1637 768 1684 esse
787 1627 978 1684 statuerunt
1003 1616 1057 1701 (cf.
1075 1619 1262 1684 Richardus
1289 1618 1449 1698 Psennig:

276 1726 326 1789 De
351 1728 512 1790 librorum
549 1745 630 1805 quos
666 1727 802 1804 scripsit
840 1726 964 1790 Seneca
1000 1726 1038 1789 de
1071 1728 1122 1790 ira
1153 1725 1391 1804 compositione
1417 1733 1450 1789 et

277 1833 417 1912 origine.
453 1833 623 1914 Gryphiae
651 1839 732 1899 1887
759 1855 789 1911 p.
809 1839 866 1913 343
893 1833 933 1897 cf.
950 1833 1082 1898 Gercke
1096 1834 1118 1901 l.
1133 1851 1159 1897 c.
1174 1853 1204 1911 p.
1220 1829 1307 1916 287).
1335 1832 1446 1896 Fidem

276 1941 353 2004 bulo
378 1942 565 2004 sententiae
592 1941 646 2006 vix
672 1940 916 2020 derogabimus,
942 1942 970 2005 si
997 1940 1077 2004 duos
1103 1940 1205 2020 locos
1224 1939 1447 2020 dial.IV,4,2

276 2055 310 2110 et
335 2046 413 2114 dial.
428 2048 466 2126 V,
484 2053 533 2126 10,
546 2054 576 2126 2,
603 2049 852 2112 contulerimus.
878 2048 956 2111 Illic
982 2048 1067 2112 euim
1092 2049 1255 2127 legimus:
1282 2047 1448 2126 „Primum

275 2154 366 2216 illum
393 2155 493 2219 animi
527 2156 626 2218 ictum
661 2155 807 2232 effugere
831 2155 961 2218 ratione
985 2173 1051 2218 non
1077 2153 1271 2232 possumus‘
1308 2161 1342 2218 et
1377 2153 1448 2220 hic:

277 2260 414 2340 „Facile
451 2271 503 2324 est
544 2273 651 2326 autem
689 2261 829 2326 affectus
865 2279 959 2340 suos,
997 2280 1067 2325 cum
1105 2263 1246 2338 primum
1283 2261 1447 2340 oriuntur,

276 2366 541 2444 deprehendere:
560 2369 747 2432 morborum
766 2369 863 2447 signa
879 2366 1134 2446 praecurrunt.“
1161 2371 1311 2445 Apparet
1321 2375 1447 2432 tantam

276 2476 517 2538 sententiarum
542 2475 772 2541 diversitatem
798 2477 943 2539 existere
967 2494 1033 2539 non
1057 2476 1218 2555 potuisse,
1243 2475 1308 2539 uisi
1341 2476 1447 2559 ipsum

276 2580 526 2657 compositionis
551 2589 680 2658 tempus
706 2581 873 2646 diversum
897 2580 1025 2646 fuisset.

382 2709 427 2769 At
451 2707 620 2771 enimvero
646 2707 770 2770 Seneca
795 2726 858 2770 non
877 2709 960 2771 setis
978 2709 1078 2772 habet
1095 2708 1177 2771 haee
1194 2709 1445 2785 praecurrentia

275 2815 371 2890 signa
402 2831 566 2891 occupare
598 2813 801 2893 effectusque
835 2816 867 2877 iu
899 2816 973 2892 ipso
1005 2823 1082 2878 ortu
1106 2817 1319 2893 exstinguere
1345 2822 1444 2892 atque
1482 2821 1486 2828 '

276 2919 404 2983 delere:
431 2939 536 2999 omne,
561 2933 598 2984 ut
623 2922 672 2984 ita
696 2920 811 3001 dicam,
837 2921 1082 2985 fundamentum
1109 2923 1152 2985 iis
1177 2921 1340 3001 subducit,
1374 2939 1444 2984 cum

275 3045 416 3105 pugnam
444 3038 561 3091 contra
585 3027 723 3092 allectus
749 3029 881 3109 sensim,
905 3029 1001 3092 nobis
1026 3027 1097 3092 fere
1120 3048 1185 3092 non
1216 3027 1447 3107 sentientibus,
1509 3021 1512 3026 ⁴

274 3135 308 3196 in
342 3153 483 3211 pugnarn
509 3143 626 3198 contra
651 3153 770 3212 pravas
803 3137 975 3212 opiniones
1001 3143 1195 3200 commutat:
1230 3136 1262 3198 in
1288 3153 1446 3213 perverso

274 3242 394 3303 mentis
411 3241 525 3304 habitu
544 3240 706 3319 falsisque
725 3241 983 3319 cogitationibus
998 3261 1098 3307 causa
1112 3260 1289 3320 semenque
1304 3243 1446 3306 omnium

274 3348 432 3410 malornm
470 3347 639 3426 omnisque
686 3348 909 3425 improbitatis
946 3348 1105 3414 cernitur.
1165 3347 1260 3412 Haud
1309 3348 1446 3412 difficile

176 3502 180 3512 .
274 3462 383 3518 autem
408 3464 460 3518 est
484 3456 658 3519 intellectu
684 3457 767 3519 hane
792 3456 1005 3519 mutationem
1031 3456 1065 3519 iu
1083 3456 1269 3519 Stoicorum
1294 3456 1446 3520 doctriua

274 3560 335 3624 nid
361 3579 401 3624 ex
426 3579 530 3640 eaque
555 3563 657 3625 nasci.
707 3563 786 3625 Nam
813 3565 899 3626 ratio
936 3573 971 3627 et
1007 3562 1161 3628 voluntas
1197 3564 1231 3625 in
1266 3553 1447 3643 ἡγεμονικῷ

274 3668 469 3731 coniunctae
505 3676 592 3746 sunt,
629 3669 813 3746 principale
849 3669 932 3733 illud
964 3669 1063 3733 enimi
1095 3688 1207 3734 omues
1237 3670 1307 3732 eius
1332 3676 1445 3745 partes

274 3777 305 3836 in
332 3793 367 3836 so
393 3776 552 3839 continet.
589 3777 688 3839 Nulla
713 3785 822 3841 autem
847 3778 935 3841 actio
961 3776 1033 3839 fieri
1057 3784 1178 3854 potest,
1204 3777 1268 3839 nisi
1286 3770 1445 3851 συγκατά-

275 3883 364 3948 θεσις
388 3882 409 3944 i.
433 3899 460 3946 e.
487 3900 641 3945 assensus
666 3884 863 3956 praecessit.
912 3883 1038 3947 Seneca
1070 3883 1142 3959 ipse
1173 3883 1273 3946 dicit:
1322 3881 1446 3962 „Omne

273 3989 440 4051 rationale
465 3988 586 4053 animal
610 3989 694 4052 nihil
719 3990 802 4070 agit,
827 3989 891 4053 nisi
916 3990 1055 4067 primum
1081 3989 1192 4065 specie
1220 3989 1364 4052 alicuius
1397 3986 1446 4051 rei

273 4096 443 4159 irritatum
481 4106 541 4173 est,
579 4095 696 4159 deinde
733 4098 891 4175 impetum
923 4097 1022 4173 cepit,
1048 4095 1165 4160 deinde
1190 4095 1344 4160 adsensio
1371 4112 1445 4158 con-

273 4201 418 4266 firmavit
444 4204 528 4266 bunc
553 4203 743 4280 impetum.“
769 4210 832 4280 (ep.
849 4207 921 4280 113Ἱ
939 4202 1003 4284 18).
1040 4201 1172 4284 Quare
1197 4203 1297 4266 animi
1316 4219 1445 4280 quoque
