3224 4964
722 411 942 471 ..14-

248 601 292 664 Et
316 602 370 664 bic
394 601 500 678 igitur
531 603 564 665 in
596 603 781 667 senectutis
813 603 927 666 limine
957 601 1175 680 philosophus
1206 611 1322 669 noster
1346 623 1417 667 cum

247 715 358 771 sectae
384 727 462 774 suae
488 709 641 772 doctrina
665 709 788 785 optime
814 709 990 772 consentit.

353 833 502 896 Tertium
528 834 599 896 eius
624 833 823 896 inscientiae
849 832 1076 897 documentum
1102 835 1135 897 in
1161 844 1255 900 sexto
1282 835 1414 914 dialogo

248 939 358 1002 inesse
383 938 480 1003 valde
504 940 667 1019 suspicor,
703 941 757 1003 ubi
784 940 817 1002 in
844 958 913 1017 cap.
932 945 1016 1019 25,l
1044 941 1169 1004 Seneca
1194 942 1352 1005 Marciam
1379 942 1418 1006 de

246 1043 304 1107 filii
337 1032 442 1108 morte
468 1050 517 1110 sio
542 1047 752 1110 consolatur:
790 1046 947 1124 „Integer
978 1047 1037 1110 ille
1061 1046 1220 1129 rnihilque
1251 1049 1285 1112 in
1315 1050 1419 1114 terris

247 1153 438 1230 relinquens
472 1153 523 1216 sui
553 1151 642 1231 fugit
666 1161 699 1217 et
723 1162 814 1235 totus
840 1155 986 1218 excessit
1010 1155 1209 1233 paulumque
1234 1173 1335 1233 supra
1360 1174 1419 1219 nos

248 1267 479 1337 commoratus,
512 1259 585 1324 dum
621 1268 829 1338 expurgatur
853 1273 887 1324 et
912 1262 1120 1325 inhaerentia
1145 1263 1230 1326 vitia
1254 1261 1418 1341 situmque

248 1383 374 1428 omnem
411 1367 561 1430 mortalis
597 1368 671 1432 aevi
707 1353 846 1446 excutit,
883 1367 1001 1431 deinde
1037 1369 1076 1432 ad
1103 1370 1236 1432 excelsa
1267 1371 1419 1434 sublatus

246 1471 335 1535 inter
362 1472 479 1538 felices
512 1476 619 1538 currit
644 1475 801 1538 animas.“
850 1475 943 1538 Hanc
968 1475 1149 1540 animorum
1176 1477 1419 1554 purgationem,

248 1580 329 1642 licet
353 1582 416 1658 ipsi
442 1580 572 1645 Zellero
588 1582 663 1662 (Ill,
683 1586 715 1645 1³
740 1600 769 1658 p.
786 1581 863 1660 201)
881 1583 1116 1663 contradicam,
1143 1602 1213 1647 cum
1233 1583 1417 1648 Stoicorum

246 1689 437 1765 praeceptis
470 1689 601 1751 minime
634 1689 825 1751 consentire
857 1688 987 1766 solique
1019 1689 1206 1767 philosophi
1233 1691 1419 1754 inventioni

248 1790 378 1857 deberi
399 1796 634 1861 contenderim.
683 1796 745 1874 Qui
783 1795 869 1857 enim
906 1795 970 1857 loci
1008 1794 1119 1858 afferri
1159 1804 1308 1876 possunt,
1333 1797 1418 1861 unde

247 1901 315 1964 tale
340 1901 416 1979 quid
442 1901 594 1965 docuisse
620 1901 751 1965 Stoicos
777 1899 1037 1978 comprobetur?
1073 1902 1117 1966 Ut
1141 1902 1239 1979 plane
1257 1909 1291 1964 et
1314 1903 1419 1967 latine

248 2007 376 2087 loquar,
401 2008 522 2075 nullus,
563 2009 641 2071 Nam
668 2008 869 2072 'lertulliani
895 2007 1025 2085 quidam
1050 2007 1143 2071 locus
1169 2007 1221 2082 (de
1246 2009 1343 2071 anim.
1362 2008 1417 2090 54)

248 2132 329 2176 onus
354 2122 420 2177 tam
445 2133 548 2192 grave
573 2116 740 2179 sustinere
765 2133 829 2178 non
854 2122 983 2193 potest;
1008 2121 1059 2178 est
1076 2123 1184 2178 autem
1204 2116 1274 2181 hic:
1309 2113 1419 2196 „Quos

249 2220 377 2298 quidem
403 2218 489 2302 (scil.
515 2222 657 2286 Stoicosl
684 2223 798 2302 miror,
823 2221 909 2300 quod
934 2221 1161 2298 imprudentes
1186 2221 1310 2285 animas
1328 2222 1418 2285 circa
1466 2277 1470 2284 .

246 2334 371 2391 terram
404 2336 630 2409 prosternunt,
665 2347 737 2393 cum
762 2330 840 2393 illas
864 2347 883 2392 a
908 2329 1116 2407 sapientibus
1141 2329 1244 2392 multo
1270 2328 1419 2405 superio·

246 2434 341 2498 ribus
375 2434 499 2498 erudiri
538 2435 720 2500 adfirment.
768 2435 832 2501 Ubi
866 2437 932 2500 erit
963 2436 1098 2500 scholae
1129 2437 1225 2514 regio
1260 2436 1293 2498 in
1326 2442 1420 2499 tanta

248 2540 410 2606 distantia
436 2541 723 2606 diversoriorum?
740 2541 813 2624 Qua
829 2543 959 2606 ratione
979 2542 1162 2620 discipulae
1181 2541 1220 2606 ad
1240 2543 1420 2621 magistros

249 2651 495 2714 conventabunt
518 2656 612 2714 tanto
637 2649 826 2714 discrimine
843 2649 984 2714 invicem
1003 2651 1180 2713 absentes?
1211 2648 1293 2731 Quis
1310 2657 1420 2713 autem

248 2756 317 2818 illis
332 2764 519 2833 postremae
532 2756 733 2821 eruditionis
750 2775 829 2820 usns
843 2775 881 2820 ac
894 2755 1024 2820 fructus
1037 2755 1167 2820 iamiam
1182 2755 1420 2834 deflagratione

248 2864 431 2940 perituris?
467 2863 625 2943 Reliquas
643 2865 769 2929 animas
794 2863 834 2927 ad
850 2863 976 2928 inferos
994 2862 1174 2927 deiciunt.“
1200 2864 1246 2929 Ut
1269 2864 1419 2927 auctoris

249 2989 366 3034 nomen
390 2971 475 3035 haud
500 2971 647 3036 additum
673 2972 897 3049 locorumque
912 2970 1140 3035 diversitatem
1166 2971 1326 3049 omittam,
1359 2972 1420 3034 hoo

249 3079 389 3141 maxime
425 3079 578 3157 interest,
616 3078 702 3158 quod
740 3077 793 3142 hic
830 3077 1015 3141 emendatio
1040 3079 1073 3140 in
1100 3078 1173 3155 ipso
1198 3076 1348 3142 discendi
1372 3077 1420 3141 in·

248 3185 498 3264 tellegendique
522 3185 636 3249 labore
661 3187 808 3264 ponitur,
842 3185 915 3248 illic
938 3202 1077 3263 prorsus
1102 3185 1142 3247 ab
1168 3202 1206 3247 eo
1232 3186 1422 3249 secernitur

250 3291 345 3370 eique
388 3291 565 3358 antecedit.
632 3291 715 3373 Quid
759 3302 868 3357 autem
906 3291 1013 3355 minus
1054 3291 1334 3356 accommodatum
1371 3299 1422 3356 est

249 3401 414 3476 singulari
450 3399 501 3463 illi
537 3419 661 3464 morum
699 3400 962 3478 disciplinaeque
999 3399 1186 3477 severitati,
1223 3418 1288 3478 qua
1318 3399 1420 3464 Stoici

251 3507 471 3580 excellebant,
504 3525 599 3586 quam
631 3525 757 3585 poenae
792 3506 929 3572 meritae
960 3506 1125 3587 remissio,
1150 3506 1228 3584 quid
1253 3507 1336 3571 viris
1361 3525 1421 3570 usu

251 3614 340 3677 vitae
365 3614 534 3691 perdoctis
559 3622 593 3678 et
616 3625 725 3679 mente
750 3633 789 3677 ao
813 3614 944 3677 ratione
961 3612 1135 3677 instructis
1150 3613 1297 3690 ineptius
1313 3613 1422 3678 videri

251 3721 365 3784 debuit
390 3739 484 3799 quarn
511 3723 721 3800 purgationis
746 3721 829 3785 illud
855 3720 1043 3800 prodigium
1068 3721 1209 3796 magicis
1227 3719 1422 3798 quibusdam

251 3829 381 3894 artibus
417 3828 579 3907 effectum,
615 3830 670 3892 nbi
709 3830 792 3893 vitia
827 3828 927 3892 animi
964 3828 1036 3904 ipso
1068 3825 1138 3890 fere
1168 3845 1231 3890 non
1256 3828 1422 3891 sentiente

251 3934 438 4001 tolluntur?
485 3937 535 3999 An
572 3936 647 3999 ideo
684 3935 947 3999 misericordiam
973 3951 1051 3996 ere
1076 3934 1294 4011 publicasua
1319 3934 1422 3999 Stoici

252 4044 421 4107 eiecerunt
444 4043 628 4120 animisque
646 4044 812 4106 hominum
831 4042 1092 4118 inculcaverant,
1117 4040 1241 4104 nullum
1258 4041 1422 4121 flagitium

252 4150 446 4228 impunitum
484 4167 557 4214 esse
589 4147 808 4233 (ep.97,14),
846 4157 883 4212 ut
919 4149 1001 4212 haec
1038 4149 1147 4212 omnia
1183 4150 1217 4212 in
1253 4151 1325 4214 vita
1348 4156 1424 4229 post

253 4266 390 4322 mortem
416 4258 634 4322 describenda
658 4258 939 4323 obliviscerentur
963 4262 997 4319 et
1022 4256 1075 4319 bic
1100 4256 1255 4335 quioquid
1280 4256 1422 4320 obsoleti

253 4366 408 4444 inlitique
444 4367 562 4432 animis
598 4367 801 4447 inhaereret,
837 4364 937 4429 facile
977 4363 1043 4426 elui
1083 4381 1180 4442 posse
1206 4365 1424 4444 opinarentur
