3224 4964
693 889 873 991 Vlla.
942 963 944 970 -

734 1087 838 1094 ...-.-.-

305 1215 412 1279 Natus
437 1231 506 1277 sum
532 1212 734 1276 Ernestus
759 1210 918 1275 Albertus
944 1211 1040 1289 Spie
1065 1210 1271 1289 Regimoutii
1295 1230 1323 1274 a.
1342 1210 1374 1279 d.

200 1320 280 1385 XVI
307 1321 380 1387 Kal.
415 1321 492 1384 Dec.
525 1320 601 1384 anni
634 1312 876 1383 MDCCOLXII
909 1327 1005 1396 patre
1030 1317 1242 1382 Ferdiuaudo
1267 1324 1374 1382 matre

201 1427 332 1493 Joanna
348 1446 366 1491 e
382 1434 482 1508 gente
499 1427 639 1506 Heriug.
669 1425 783 1490 Fidem
801 1424 961 1504 profiteor
977 1426 1117 1489 liberam
1135 1425 1374 1505 evangelicam.

201 1535 409 1599 Litterarum
434 1533 607 1598 elementis
641 1533 674 1597 in
702 1532 780 1597 ludo
805 1551 935 1612 pagano
960 1533 1108 1598 imbutus
1133 1541 1168 1598 et
1191 1551 1211 1596 a
1234 1533 1374 1613 Meyrau
1437 1589 1440 1596 .
1488 1536 1494 1549 '

203 1641 366 1721 magistro
392 1641 578 1722 carissimo,
614 1640 708 1704 cuius
744 1640 978 1718 sempiternam
1004 1641 1147 1704 servabo
1172 1643 1375 1720 memoriam,

198 1748 395 1826 parentibus
409 1746 654 1813 commendatus
667 1748 808 1826 primum
822 1745 862 1810 ad
876 1746 1005 1825 patriae
1018 1745 1376 1824 scholamssurgeusem

200 1863 234 1920 et
258 1854 385 1920 duobus
409 1855 504 1920 annis
528 1862 615 1936 post,
640 1874 712 1920 cum
737 1873 856 1920 novum
881 1854 1090 1934 gymnasium
1116 1852 1373 1918 Guilelmianum

199 1963 400 2043 aperiretur,
435 1963 499 2027 huc
534 1963 655 2027 missus
690 1981 772 2040 sum,
809 1962 866 2025 ubi
902 1979 962 2039 per
997 1967 1073 2025 octo
1105 1979 1208 2025 anuos
1233 1959 1374 2040 egregia

204 2070 402 2146 optimorum
437 2079 693 2147 praeceptorum
728 2086 807 2131 usus
843 2086 914 2132 sum
952 2067 1139 2147 disciplina.
1189 2069 1272 2130 Vere
1297 2066 1375 2130 anui

201 2175 384 2238 LXXXIII
430 2175 637 2239 maturitatis
691 2175 884 2239 testimonio
931 2175 1117 2238 instructus
1171 2172 1374 2237 academiam

199 2280 409 2344 Albertinam
439 2281 712 2360 Regimoutanam
743 2280 809 2345 adii
841 2281 953 2360 ibique
978 2280 1173 2358 perdecem
1198 2281 1375 2344 semestris

201 2386 321 2451 studiis
357 2405 408 2452 me
441 2388 516 2452 dedi
562 2390 791 2468 philologieis
836 2388 1112 2468 archaeologicis,
1161 2387 1376 2467 germanicis.

201 2492 397 2559 Docueruut
421 2512 471 2559 me
507 2496 572 2560 uiri
599 2495 776 2561 clarissimi
812 2495 1086 2576 Friedlander,
1123 2493 1374 2574 Hirschfeld,

199 2599 315 2682 Jeep,
361 2601 532 2684 Jordan,
579 2603 782 2685 Ludwich,
829 2603 949 2681 Riihl,
1003 2601 1170 2682 Schade,
1217 2601 1375 2682 Thiale,

199 2706 392 2773 Walther.
429 2709 607 2776 Seminarii
630 2710 838 2791 philologici,
863 2729 927 2789 quo
952 2709 1207 2774 Friedlaenderi
1231 2709 1376 2772 benevo-

199 2815 304 2880 lentia
329 2812 486 2894 receptus
502 2833 584 2898 sum,
609 2835 670 2894 per
687 2816 750 2881 duo
767 2817 944 2882 semestria
960 2816 1085 2880 sodalis
1102 2815 1150 2879 fui
1173 2814 1376 2894 ordinarius

202 2923 502 2988 exercitationibus
537 2924 820 3004 archaeologiciS,
856 2924 975 3002 quibus
1011 2920 1263 3001 Hirschfeld,
1300 2939 1376 3001 ger-

199 3029 362 3110 manicis,
401 3031 521 3110 quibus
561 3031 726 3108 Schade,
766 3030 1025 3110 philosophiam,
1065 3030 1185 3108 quibus
1224 3027 1377 3092 Thiele

203 3143 370 3216 praeerat,
395 3155 525 3216 semper
548 3137 620 3202 fere
644 3137 803 3216 iuterfui;
829 3137 947 3216 quibus
971 3137 1055 3203 viris
1079 3136 1229 3201 omnibus
1245 3136 1376 3213 gratias

202 3258 265 3320 ago
298 3240 440 3311 debitas
475 3250 571 3310 Anno
608 3245 701 3310 thC
734 3246 904 3310 licentiam
941 3263 1001 3323 pro
1037 3243 1199 3309 facultate
1236 3242 1375 3307 docendi

204 3349 354 3414 examine
379 3351 513 3429 publico
542 3353 682 3432 adeptus
718 3353 844 3417 biennii
880 3353 1073 3417 tirocinium
1110 3351 1209 3430 subii,
1246 3349 1378 3428 quoad

201 3455 376 3520 scientiam
410 3476 490 3522 usus
531 3459 717 3524 accederet.
764 3460 1016 3524 Posterioribus
1051 3459 1147 3522 aunis
1183 3458 1304 3534 partim
1342 3457 1378 3520 in

200 3562 328 3628 scholis
354 3564 497 3642 privatis
521 3565 641 3643 partim
666 3567 700 3630 in
725 3567 900 3646 gymnasio
918 3565 1072 3643 magistri
1090 3581 1225 3628 munere
1243 3563 1378 3628 functus

202 3685 283 3733 sum.
