3224 4964
634 319 851 388 111ί

154 519 337 602 imponam“
365 528 399 585 et
424 519 563 584 similem
590 520 751 598 quandam
777 537 906 584 vocem:
935 520 1052 597 ‚‚Uror‚
1078 517 1134 582 sed
1161 515 1327 583 invictus“

155 633 201 696 ita
237 632 403 694 infirmat:
443 626 586 708 „Quidni
624 628 771 707 optabile
807 627 880 694 sit?
928 626 1084 705 Optabile
1120 633 1228 690 autem
1265 643 1331 688 non

155 737 240 816 quod
266 737 336 799 urit
360 754 410 798 me
434 734 533 814 ignis,
559 735 615 798 sed
641 734 727 812 quod
753 752 817 797 non
842 731 980 797 vincit.“
1029 733 1094 796 Res
1119 733 1331 812 apertissima

155 853 223 910 ost:
257 843 433 920 scrupulus
470 841 599 919 quidam
626 840 746 905 nimiae
772 841 1001 918 indulgentiae
1032 841 1064 904 in
1090 840 1198 903 animo
1224 839 1330 918 philo·

155 951 252 1031 sophi
276 948 449 1014 resederat
475 949 677 1027 primamque
703 949 886 1028 suiipsius
912 947 1103 1028 corrigendi
1122 947 1329 1011 occasionem
1399 967 1401 972 ·

158 1057 310 1135 arripuit.

262 1181 371 1244 Etiam
390 1197 481 1258 quae
506 1180 546 1243 de
571 1183 640 1244 otio
666 1180 772 1244 sensit
797 1181 1043 1260 praecepitque,
1070 1196 1254 1256 caveamus
1289 1195 1331 1240 ue

158 1309 228 1352 cum
254 1289 372 1365 regula
397 1285 534 1365 Epicuri
552 1281 637 1346 11111
653 1280 770 1365 βιώσας
788 1285 1041 1364 confundamus;
1065 1284 1151 1349 nihil
1175 1283 1331 1348 fallacius

154 1397 342 1460 nominibus
367 1402 419 1458 est
466 1394 588 1472 Otium,
607 1395 640 1457 in
666 1393 752 1472 quod
770 1395 895 1458 Seneca
921 1394 1127 1458 clarissimos
1142 1391 1329 1456 Stoicorum

154 1503 333 1580 magistros
369 1511 503 1565 secutus
539 1520 575 1564 se
610 1499 724 1580 refert,
762 1519 826 1564 non
863 1500 1100 1579 voluntarium,
1136 1498 1193 1562 sed
1219 1499 1325 1565 invito

154 1611 319 1688 ingestum
346 1616 413 1686 est;
438 1609 605 1672 industrio
631 1609 716 1671 euim
743 1609 847 1671 otium
872 1623 977 1687 poena
1001 1613 1053 1671 est
1084 1605 1217 1689 (11111,
1236 1612 1264 1684 2,
1284 1603 1328 1686 2).

156 1714 250 1796 Quod
288 1725 398 1779 autem
436 1716 644 1794 potissimum
685 1725 746 1795 est,
787 1716 886 1779 etiam
922 1721 990 1779 tum
1017 1733 1134 1793 magna
1171 1713 1329 1792 quaedam

157 1822 291 1887 molitur
315 1824 588 1902 propositumque
602 1829 704 1901 11111,
720 1821 805 1900 quod
820 1822 1015 1900 longissime
1030 1822 1069 1884 ab
1091 1820 1327 1899 intellegentia

156 1947 317 2006 sensuque
343 1929 482 2008 Epicuri
508 1929 708 1994 disiunctum
734 1937 801 1992 est:
827 1935 864 1992 11
887 1929 1075 1992 hominibus
1100 1928 1220 2007 prosit.
1271 1927 1328 2006 „In

155 2037 226 2116 hoc,
252 2037 372 2115 inquit,
397 2055 447 2098 me
472 2035 643 2098 recondidi
663 2034 804 2100 otiores
823 2035 919 2115 clusi,
943 2042 981 2115 ut
997 2034 1154 2115 prodesse
1177 2035 1329 2114 pluribus

154 2160 369 2221 possem
409 2143 540 2206 Secessi
565 2160 630 2205 non
654 2147 781 2205 tantum
808 2143 848 2206 ab
865 2142 1065 2221 hominibus,
1093 2142 1150 2206 sed
1176 2161 1194 2204 a
1219 2142 1329 2223 rebus,

157 2258 191 2310 ct
216 2248 379 2325 imprimis
412 2266 431 2310 a
461 2248 561 2311 rebus
587 2249 683 2312 meis:
711 2256 917 2327 posterorum
943 2250 1114 2326 negotium
1138 2266 1213 2327 ago.
1254 2247 1329 2312 Illis
1421 2311 1423 2318 ,

156 2353 278 2434 111111,
321 2372 406 2431 quae
447 2355 575 2433 possint
614 2355 783 2434 prodesse,
825 2357 1010 2419 conscribo.
1074 2355 1245 2421 Salutares
1271 2355 1327 2418 ad-

155 2459 363 2539 monitiones
400 2461 496 2526 velat
531 2461 844 2526 medicamentorum
893 2462 1024 2526 utilium
1072 2462 1328 2541 compositiones

153 2567 279 2630 litteris
305 2568 420 2631 maudo
436 2618 442 2630 .
458 2621 465 2635 .
481 2612 512 2636 ..
537 2569 675 2633 Rectum
703 2570 779 2650 1111,
805 2568 891 2647 quod
909 2587 984 2632 sero
1003 2570 1145 2647 cognovi
1163 2576 1197 2633 11
1220 2569 1328 2633 lassus

155 2674 306 2753 errando,
333 2675 409 2737 aliis
428 2675 607 2738 monstro.“
628 2678 688 2754 (ep.
704 2681 734 2756 8,
749 2682 783 2753 23
810 2674 850 2739 11.
866 2692 915 2754 ep.
931 2682 961 2755 6,
976 2673 1020 2757 6).
1055 2677 1147 2740 Haec
1165 2677 1327 2754 cogitatio

155 2789 381 2844 senescentem
401 2788 435 2844 et
452 2780 491 2844 de
509 2783 618 2845 saluto
636 2783 769 2861 publica
787 2782 1018 2861 desperantem
1045 2784 1154 2846 erexit
1177 2801 1328 2860 novaque

156 2901 211 2963 spe
235 2889 397 2967 implevit.
445 2888 520 2952 Jam
560 2889 592 2951 in
629 2907 714 2951 nono
752 2887 885 2968 dialogo
911 2890 994 2954 talia
1019 2889 1204 2967 eloquitur:
1256 2889 1328 2968 „lta

155 2999 264 3055 tamen
300 2995 475 3059 delituerit
512 2991 599 3075 (scil.
637 2996 794 3075 sapiens),
820 3004 857 3060 ut
881 2997 1077 3075 ubicumque
1103 2997 1207 3061 otium
1234 3015 1327 3060 suum

155 3098 377 3180 absconderit,
413 3101 570 3180 prodesse
606 3102 690 3167 velit
726 3103 870 3181 siugulis
912 3104 1143 3182 universisque
1179 3104 1325 3183 ingenio,

153 3221 246 3284 voce,
272 3205 421 3273 consilio.
468 3208 537 3271 Nec
562 3209 648 3271 enim
674 3210 703 3272 is
728 3209 819 3272 solus
844 3209 895 3272 111
919 3210 1073 3288 publicae
1098 3211 1245 3288 prodest,
1271 3209 1327 3287 qui

154 3311 349 3376 candidatos
374 3315 520 3377 extrahit
545 3324 579 3378 et
595 3321 710 3379 tuetur
725 3334 801 3379 reos
819 3323 853 3378 et
870 3316 909 3378 de
928 3332 1007 3393 pace
1024 3316 1178 3394 belloque
1201 3322 1326 3395 censet,

153 3418 208 3480 sed
237 3420 292 3497 qui
319 3419 522 3485 iuventutem
549 3423 758 3502 exhortatur,
784 3423 839 3500 qui
866 3423 1020 3486 intanta
1045 3424 1200 3486 bonorum
1232 3439 1325 3501 prae·

155 3535 324 3604 ceptorum
350 3527 463 3605 inopia
489 3530 648 3593 virtutem
674 3529 820 3592 instillat
843 3529 975 3608 animis,
1001 3530 1056 3606 qui
1082 3528 1122 3592 ad
1153 3529 1324 3607 pecuniam

152 3631 382 3712 luxuriamque
417 3653 516 3698 cursu
547 3636 677 3698 ruentis
709 3644 846 3714 prensat
877 3654 915 3698 ac
945 3636 1091 3699 retrahit
1122 3643 1166 3716 11,
1191 3635 1219 3698 si
1243 3635 1325 3698 nihil

151 3739 251 3819 aliud,
284 3749 375 3804 corte
408 3749 573 3820 moratur,
606 3742 640 3804 11
673 3743 805 3820 privato
837 3740 1003 3821 publicum
1035 3744 1206 3822 negotium
1231 3743 1322 3822 agit“

150 3845 244 3922 (3,3;
271 3848 311 3909 11.
329 3853 361 3927 4,
381 3855 423 3923 7),
460 3849 543 3913 Item
577 3849 610 3911 in
640 3857 758 3913 octavo
792 3848 936 3928 dialogo,
968 3868 1062 3928 quem
1096 3851 1132 3914 O.
1160 3851 1324 3916 Weissen-

150 3949 269 4012 t'elsius
287 3969 391 4029 aeque
409 3973 448 4018 ac
465 3974 583 4018 nonum
601 3956 739 4034 Epicuri
758 3965 899 4021 mentem
917 3956 1046 4036 spirare
1063 3966 1159 4036 putat
1181 3958 1323 4032 (Lnkroz

151 4053 214 4117 und
242 4055 381 4133 upikur.
419 4061 528 4124 Neues
553 4062 801 4126 Lausitnisches
826 4063 992 4142 Magnum,
1016 4072 1094 4128 tom.
1113 4069 1164 4126 65.
1192 4062 1323 4126 Gdrlitz

152 4161 261 4241 1889),
287 4163 446 4238 legimns:
489 4167 580 4247 „Quo
606 4171 713 4232 animo
739 4169 780 4233 ad
806 4172 908 4234 otium
934 4172 1067 4248 sapiens
1092 4167 1246 4233 secedit?
1279 4169 1324 4234 Ut

149 4271 235 4332 sciat
263 4288 299 4333 se
327 4278 397 4333 tum
427 4290 557 4350 quoque
587 4293 625 4338 ea
654 4283 816 4356 acturum,
843 4293 901 4355 per
926 4293 1009 4353 quae
1035 4275 1179 4354 posteris
1205 4277 1322 4353 prosit.
