3224 4964
761 298 1031 378 -222

287 486 356 560 Nos
371 503 462 560 certe
476 514 590 560 snmus
604 497 661 575 qui
675 495 814 560 dicimus
832 503 866 560 et
879 497 1043 561 Zenonem
1059 504 1093 561 et
1106 498 1324 580 Chrysippum
1338 499 1465 564 maiora

288 604 412 684 egisse,
448 622 544 682 qnam
577 604 606 666 si
643 603 816 668 duxissent
859 604 1044 684 exercituS,
1079 604 1263 684 gessissent
1309 607 1461 686 honores,

288 710 381 788 leges
405 711 581 774 tulissent:
607 729 688 789 quas
705 730 771 775 non
788 712 843 775 uni
863 711 1005 791 civitati,
1031 711 1088 775 sed
1104 713 1168 776 toti
1188 715 1327 777 humano
1345 714 1460 792 generi

287 817 448 881 tulerunt.
485 816 571 897 Quid
609 825 661 882 est
697 835 789 898 ergo,
826 836 929 896 quare
964 805 1168 882 tale'otium
1195 838 1257 882 non
1284 822 1462 885 conveniat

290 925 374 987 hono
399 924 483 1003 viro,
509 939 569 1003 per
593 921 680 1003 qnod
704 923 822 989 futura
846 925 977 988 saecula
1004 925 1136 990 ordinet
1158 944 1218 990 nec
1235 927 1320 1005 apud
1338 943 1463 1006 paucos

289 1031 511 1111 contionetur,
551 1031 609 1094 sed
645 1032 730 1112 apud
767 1050 879 1096 omnes
928 1033 1069 1096 omnium
1104 1035 1255 1111 gentium
1300 1035 1463 1115 homines,

289 1139 410 1216 quique
435 1144 513 1201 snut
537 1139 658 1216 quique
685 1137 827 1203 erunt?“
843 1137 1007 1220 Quantam
1032 1157 1112 1205 vero
1132 1156 1264 1220 operam
1284 1159 1462 1220 curamque

289 1246 321 1308 in
351 1245 497 1308 moribus
521 1243 734 1309 familiarium
755 1245 891 1309 duorum
918 1246 1130 1310 emendandis
1154 1247 1463 1327 conformandisqne

289 1351 469 1416 consumit!
494 1350 653 1433 Quamvis
671 1353 810 1433 nesciat,
828 1371 869 1416 an
887 1353 1100 1433 profecturus
1117 1356 1172 1436 sit,
1187 1356 1251 1419 sihi
1270 1336 1461 1420 successum

288 1476 383 1536 quan]
408 1457 502 1522 fidem
528 1458 644 1522 deesse
671 1461 796 1524 mavult
822 1457 886 1541 (ep.
902 1465 966 1538 25).
1007 1461 1087 1525 Nam
1108 1463 1294 1543 „sapientia
1311 1482 1365 1527 ars
1390 1473 1461 1527 est:

288 1573 413 1630 certum
446 1573 559 1646 petat,
591 1564 695 1645 eligat
726 1566 956 1648 profecturos,
991 1569 1031 1632 ab
1065 1571 1126 1649 his,
1153 1589 1235 1648 qnos
1260 1570 1462 1651 desperavit,

287 1672 434 1752 recedat,
470 1691 535 1736 non
569 1680 679 1736 tamen
716 1675 784 1738 cito
822 1676 991 1752 relinquat
1015 1683 1049 1738 et
1073 1677 1107 1737 in
1131 1677 1204 1752 ipsa
1230 1677 1463 1755 desperatione

288 1787 437 1843 extrema
461 1779 608 1843 remedia
631 1787 784 1858 temptet.
822 1780 1050 1844 Marcellinum
1069 1789 1218 1844 nostrum
1237 1800 1299 1860 ego
1319 1785 1460 1848 nondum

287 1887 437 1964 despero.
473 1886 673 1951 Etiamnunc
706 1887 836 1951 servari
868 1894 996 1968 potest,
1029 1886 1086 1949 sed
1118 1888 1146 1949 si
1179 1887 1244 1951 cito
1270 1889 1321 1950 illi
1348 1909 1462 1954 manus

287 1992 514 2073 porrigitur..
534 1993 583 2057 ..“
611 1991 677 2077 (ep.
695 2000 747 2074 29,
763 1990 874 2074 3-4).
912 1994 1006 2057 Hunc
1030 1995 1173 2057 animum
1191 1994 1319 2072 plenum
1337 1997 1460 2057 amoris

287 2100 593 2180 sollicitudinisque
618 2085 692 2165 num
718 2109 872 2178 putamus
898 2119 971 2164 eum
995 2101 1029 2163 in
1054 2100 1194 2164 latebris
1211 2100 1280 2164 suis
1306 2101 1460 2179 coluisse,

287 2207 342 2285 qui
367 2207 492 2271 nnllam
524 2225 597 2271 esse
629 2208 801 2270 humanam
827 2209 1021 2270 societatem
1048 2213 1141 2270 ratus
1165 2207 1332 2286 (Lactant.
1358 2206 1460 2272 divin.

287 2314 394 2379 instit.
409 2314 472 2395 ΙΙΙ,
488 2320 538 2394 17,
553 2319 613 2395 423
640 2315 803 2378 Arrianus
823 2315 932 2390 Epict.
951 2314 1030 2378 diss.
1044 2314 1088 2393 II,
1102 2319 1155 2393 20,
1167 2320 1204 2392 63
1230 2313 1271 2377 ci.
1297 2313 1337 2377 de
1354 2313 1461 2381 hanef.

291 2421 460 2504 VII,l,7;
501 2426 670 2500 ep.9,17;
709 2425 813 2500 95,52
836 2420 909 2484 alii
947 2418 1026 2500 loci)
1063 2421 1166 2498 ipsam
1204 2421 1382 2483 amicitiam
1421 2421 1461 2482 ob

288 2528 493 2605 voluptatem
527 2526 773 2605 utilitatemque
806 2526 980 2604 petendam
1015 2543 1088 2588 esse
1124 2525 1324 2589 censuerat?
1349 2525 1461 2602 (Diog.

289 2634 399 2698 Laert.
414 2635 457 2714 X,
473 2638 554 2712 1203
590 2633 658 2698 Cic.
695 2632 734 2696 de
769 2632 1015 2712 fin.ss,aa,eo
1041 2639 1075 2696 et
1100 2638 1230 2710 aa,82;
1267 2631 1308 2696 cf.
1334 2633 1463 2698 Usener

291 2741 458 2818 Epicurea
482 2759 513 2818 p.
529 2743 593 2806 318
619 2748 654 2804 et
678 2738 767 2821 324).

393 2866 468 2929 Jam
512 2873 721 2930 transeamus
757 2864 797 2929 ad
834 2865 966 2943 singula
990 2865 1223 2942 philosophiae
1260 2867 1475 2927 Annaeanae'

288 2972 400 3048 capita
435 2972 469 3034 in
504 2973 688 3050 primisque
730 2989 944 3051 quaeramuS,
982 2989 1076 3049 quam
1114 2970 1167 3033 dei
1199 2972 1366 3034 notionem
1403 2988 1462 3048 pro

287 3085 472 3154 temporum
496 3079 663 3142 varietate
688 3085 796 3141 mente
821 3077 886 3140 sibi
901 3076 1046 3141 finxerit.
1082 3076 1127 3140 Et
1143 3076 1177 3138 in
1196 3075 1309 3153 primis
1332 3077 1460 3154 quidem

288 3185 434 3262 dialogis
458 3184 523 3248 vim
549 3190 815 3262 potestatemque
847 3184 983 3247 deorum
1007 3184 1112 3246 solum
1137 3183 1171 3245 in
1201 3201 1326 3246 summa
1357 3185 1462 3248 totius

289 3291 398 3356 mnndi
425 3290 649 3355 dominatione
673 3308 844 3368 regnoque
869 3307 993 3367 ponere
1018 3288 1161 3355 videtur.
1198 3290 1342 3354 Restant
1366 3309 1462 3369 quae-

289 3399 360 3462 dam
386 3399 457 3462 eius
481 3399 531 3461 rei
556 3396 720 3475 vestigia:
747 3396 828 3461 deus
856 3405 994 3473 „potens
1019 3395 1183 3460 omnium“
1210 3397 1359 3474 stratio,
1378 3413 1461 3473 quae

289 3506 373 3569 idem
400 3506 486 3585 quod
511 3505 593 3569 deus
618 3514 680 3585 est,
708 3504 913 3583 ,ingentium
939 3522 1074 3582 opernm
1097 3502 1241 3568 artifex²‘
1262 3502 1460 3580 appellatur.

289 3610 362 3693 Qua
393 3631 430 3676 re
460 3613 513 3676 dei
545 3611 731 3676 hominibus
763 3613 943 3689 praecipue
975 3612 1061 3674 bona
1085 3618 1223 3675 externa
1257 3607 1463 3673 commodant

288 3719 381 3799 (dial.
399 3719 575 3799 V1,12,4;
601 3719 641 3783 de
660 3720 752 3782 clem.
768 3719 795 3800 Ι,
813 3723 843 3800 5,
859 3719 900 3797 7).
937 3717 1160 3782 Nihilominus
1177 3718 1285 3781 artius
1303 3715 1463 3795 quoddam

289 3825 462 3890 societatis
488 3826 764 3904 cognationisque
789 3825 956 3890 vinculum
982 3826 1082 3888 etiam
1107 3824 1142 3886 in
1172 3823 1286 3900 primis
1319 3822 1464 3901 dialogis

290 3933 449 4012 occurrit,
467 3931 524 3996 sed
542 3951 606 3995 non
624 3932 709 3995 idem
728 3931 815 4009 quod
832 3939 958 4008 postea.
981 3929 1284 4010 India1.X11,a,a
1303 3930 1462 4009 legimus:

292 4039 447 4121 ,Mobilis
472 4039 556 4103 enim
590 4046 623 4102 et
655 4038 804 4117 inquieta
828 4039 953 4102 homini
978 4056 1068 4102 mens
1093 4038 1171 4100 data
1195 4045 1263 4103 est:
1289 4055 1461 4115 numquam

291 4167 326 4212 se
350 4155 453 4228 tenet,
479 4147 653 4227 spargitur
678 4155 712 4210 et
736 4146 962 4223 cogitationes
987 4163 1064 4210 suas
1089 4145 1122 4208 in
1141 4146 1251 4209 omnia
1267 4151 1346 4209 nota
1364 4152 1463 4222 atque

284 4243 406 4334 'ignota
430 4255 580 4335 dimittit,
606 4273 690 4334 vaga
716 4261 749 4317 et
774 4253 898 4331 quietis
923 4253 1101 4330 impatiens
1123 4255 1160 4316 'et
1184 4253 1335 4317 novitate
1353 4269 1464 4315 rerum
