3224 4964
645 361 865 429 „33..

173 562 313 628 tentiam
348 563 471 626 tertius
509 561 635 626 demum
673 569 877 640 quartusque
915 560 1068 640 dialogus
1094 559 1269 638 exbibent3
1293 558 1349 623 hic

173 679 290 748 aperte
328 669 500 734 aflectibus
537 669 657 733 bellum
695 669 877 733 denuntiat.
920 666 1159 746 Dial.lll,9,4
1195 686 1251 730 eos
1282 674 1347 730 tam

174 777 278 840 malos
315 778 487 840 ministros
523 795 619 854 quam
657 776 756 840 duces
789 794 862 840 esse
896 774 1088 855 profitetnr3
1113 793 1186 838 nam
1211 774 1349 839 affectus

176 884 283 965 „nibil
306 884 339 947 in
365 902 400 947 se
426 885 527 948 babet
560 871 677 962 utile,“
708 883 804 946 immo
828 884 882 948 vel
909 883 1080 963 „modicus
1105 881 1243 946 affectus
1268 882 1348 945 nibil

176 992 265 1056 aliud
292 1011 386 1070 qnam
413 991 532 1055 malum
557 991 719 1054 modicum
746 989 819 1054 est“
845 987 1027 1072 (ib.10,4).
1075 989 1156 1054 Inde
1188 990 1348 1068 sequitur,

175 1107 213 1163 ut
236 1100 369 1177 penitus
406 1098 613 1176 exstirpandi
645 1099 723 1163 sint.
772 1096 806 1160 Si
838 1098 921 1161 banc
953 1097 1169 1161 severitatem
1194 1117 1265 1160 cum
1290 1094 1350 1160 illa

176 1206 386 1284 indulgentia
412 1223 649 1282 comparamus
676 1204 801 1284 dubito,
829 1222 901 1267 num
926 1205 1118 1268 rationibus
1143 1223 1254 1268 eorum
1287 1222 1349 1267 nos

176 1313 391 1393 adplicemns,
417 1313 471 1391 qni
498 1313 558 1376 bos
583 1313 688 1376 libros
714 1310 753 1374 do
779 1313 829 1374 ira
855 1320 931 1374 ante
962 1312 1114 1374 exsilium
1148 1311 1349 1389 compositos

177 1439 250 1484 esse
276 1421 491 1484 coniecerunt
509 1419 622 1495 (Jonas
640 1419 662 1484 l.
681 1438 707 1483 c.
726 1438 757 1496 p.
776 1423 828 1499 25,
846 1419 995 1482 Martens
1014 1418 1034 1480 l.
1052 1435 1080 1484 c.
1098 1436 1129 1494 p.
1148 1424 1200 1496 27,
1216 1417 1348 1481 Gercke

177 1529 378 1605 ianuar)
411 1545 517 1605 neque
550 1527 660 1604 potins
695 1525 736 1588 ad
763 1526 801 1592 H.
826 1525 1008 1589 Lehmanni
1033 1524 1122 1588 illam
1149 1527 1348 1589 sententiam

177 1635 360 1715 redeamus,
386 1636 440 1714 qni
468 1642 544 1712 post
569 1633 705 1696 exilium
731 1651 787 1695 eos
812 1633 957 1709 scriptos
982 1650 1054 1695 esse
1080 1640 1247 1696 statuerat
1260 1633 1350 1709 (Phi-

178 1741 352 1822 lologlll,
369 1762 400 1820 p.
416 1745 503 1816 318).
553 1741 601 1804 Do
635 1741 708 1818 ipsa
741 1741 825 1803 enim
859 1747 1043 1817 temporum
1077 1740 1209 1803 ratione
1234 1740 1350 1802 borum

178 1848 337 1913 librorum
364 1849 448 1912 nibil
473 1867 533 1926 pro
559 1847 733 1924 explorato
760 1847 874 1910 baberi
900 1852 1022 1925 potest,
1056 1847 1120 1910 nisi
1156 1846 1241 1925 qnod
1275 1854 1351 1922 post

179 1962 313 2020 mortem
355 1955 526 2034 Caligulae
567 1963 600 2017 et
640 1963 815 2032 antequam
855 1953 1004 2018 Novatns
1043 1951 1151 2018 irater
1189 1973 1208 2016 a
1248 1953 1350 2016 Junio

178 2062 334 2126 Gallione
359 2064 505 2141 rhetore,
531 2063 636 2124 amico
662 2059 807 2124 Senecae
831 2061 949 2140 patris,
975 2059 1152 2138 adoptatus
1178 2067 1240 2141 est,
1266 2078 1351 2122 com-

177 2171 308 2248 positos
333 2187 389 2231 eos
415 2187 487 2232 esse
512 2188 646 2232 necesse
673 2179 734 2234 est.
777 2169 853 2234 Cum
880 2179 988 2233 antem
1015 2169 1054 2232 de
1078 2177 1227 2247 tempore
1252 2169 1351 2246 adop·

178 2276 283 2338 tionis
307 2275 391 2338 nibil
425 2281 564 2356 constet,
596 2277 659 2341 nisi
694 2277 780 2356 qnod
813 2285 888 2340 ante
921 2277 1193 2354 compositionem
1218 2278 1350 2354 septimi

180 2381 304 2460 dialogi
337 2381 481 2460 librique
514 2383 552 2445 de
578 2384 736 2448 remediis
762 2377 989 2461 fortuitorum,
1016 2385 1072 2462 qni
1097 2383 1138 2447 ad
1163 2383 1349 2447 Gallionem

178 2489 200 2551 i.
219 2507 246 2552 e.
272 2489 435 2553 Novatum
461 2488 598 2553 fratrem
624 2490 687 2554 iam
714 2489 906 2568 adoptatum
931 2491 1051 2568 scripti
1069 2499 1156 2569 sunt,
1181 2488 1271 2554 iacta
1288 2499 1351 2571 est,

179 2597 212 2658 in
248 2596 318 2660 alto
354 2597 620 2660 coniecturarum
658 2599 741 2661 mari
774 2615 943 2676 vagamur.
992 2593 1108 2661 Omnia
1141 2599 1227 2661 enim
1253 2616 1351 2676 argu-

178 2709 289 2766 menta
320 2721 360 2766 ex
391 2704 672 2780 interpretatione
705 2705 852 2768 locorum
886 2705 1095 2783 singulorum
1119 2706 1152 2769 in
1177 2712 1351 2782 utramque

177 2818 304 2887 partem
323 2811 498 2891 arcessita,
524 2830 606 2890 quas
624 2812 679 2874 hic
695 2820 882 2876 retractare
900 2830 1005 2875 meum
1023 2830 1086 2875 non
1106 2818 1167 2891 est,
1185 2810 1349 2874 interdum

180 2915 319 2997 quidem,
346 2916 431 2995 quod
456 2917 543 2981 band
567 2935 697 2997 negem,
722 2919 865 2995 speciem
893 2918 1052 2996 quandam
1078 2915 1350 2995 praeseferunt,

179 3020 236 3084 sed
282 3024 403 3086 nullam
457 3023 679 3101 persuadendi
728 3025 961 3089 necessitatem
1009 3025 1186 3089 adhibent:
1236 3043 1349 3101 parum

179 3129 345 3207 evincunt,
372 3130 457 3208 qnod
482 3131 618 3194 niminm
645 3131 799 3195 evincere
824 3132 952 3196 volunt.
993 3130 1084 3213 Quae
1109 3150 1180 3195 cnm
1207 3133 1254 3194 ita
1272 3133 1351 3208 sint,

179 3236 316 3299 meliore
341 3236 486 3300 fortasse
511 3246 632 3302 eventu
656 3256 724 3302 rem
751 3258 810 3302 nos
828 3239 1064 3316 explanaturos
1082 3257 1156 3302 esse
1180 3256 1239 3316 pro
1258 3246 1350 3300 certo

178 3343 361 3422 habuerim,
387 3343 414 3406 si
439 3361 520 3419 eam,
546 3362 641 3422 qnam
667 3345 818 3423 eqnidam
836 3344 968 3423 ingredi
986 3353 1124 3408 conatus
1142 3363 1223 3424 snm,
1249 3343 1351 3407 disse-

177 3449 271 3512 rendi
320 3450 407 3514 viam
448 3451 678 3530 rationemque
725 3470 911 3531 sequemur,
960 3452 1073 3515 confisi
1118 3451 1349 3529 philosophum

178 3556 344 3634 gradatim
369 3556 410 3620 ad
436 3557 632 3634 sapientiam
658 3559 864 3636 pervenisse,
889 3576 926 3620 ra
951 3558 1083 3621 scilicet
1108 3558 1141 3620 in
1159 3558 1350 3623 universnm

179 3663 400 3743 considerata,
426 3670 463 3727 ut
488 3665 679 3728 intervallis
705 3666 835 3743 quidem
860 3664 1052 3744 imparibus
1077 3663 1135 3728 sed
1160 3672 1268 3728 tamen
1291 3683 1350 3741 pro

179 3778 253 3833 rata
277 3779 372 3848 parte
396 3772 527 3835 ratione
552 3770 723 3835 distinctis
741 3772 889 3850 cognitio
908 3770 1125 3850 doctrinaque
1143 3772 1349 3849 procederet.

181 3876 251 3936 Hoc
275 3877 303 3938 si
327 3886 487 3958 tenemus,
513 3877 624 3942 iacere
649 3897 715 3942 non
738 3879 932 3958 poterimus,
959 3879 1036 3957 quin
1053 3881 1193 3956 primum
1211 3879 1351 3956 ideoque

181 3997 292 4044 omnes
317 3982 422 4048 libros
447 3984 486 4048 de
511 3986 562 4048 ira
587 3987 688 4049 aliter
712 4004 750 4049 ac
774 4004 860 4049 nunc
877 3986 948 4048 iere
965 3985 1002 4050 fit
1022 3985 1211 4050 ordinemus
1237 3987 1351 4063 eisque

179 4086 286 4149 locum
324 4097 416 4152 certe
451 4100 528 4169 post
563 4093 822 4156 consolationem
856 4092 895 4155 ad
921 4092 1094 4173 Polybium
1119 4093 1350 4156 attribuamus.

289 4215 332 4276 At
357 4213 457 4276 etiam
482 4221 549 4277 tum
576 4215 702 4294 aliquid
728 4216 903 4280 affectuum
929 4216 1066 4280 residet.
1114 4215 1234 4280 Paucis
1263 4218 1348 4280 enim

180 4319 346 4396 capitibus
371 4327 447 4396 post
471 4321 537 4399 (16,
556 4327 572 4383 7
578 4319 588 4401 )
606 4323 741 4403 Zenoni,
759 4323 814 4401 qni
831 4323 973 4402 dixerat,
991 4323 1023 4385 in
1042 4323 1204 4400 sapientis
1222 4342 1351 4402 quoque
