3224 4964
729 364 967 430 *bd-r

258 559 416 641 seneque.
443 563 555 627 Revue
571 563 609 626 de
624 563 708 627 deux
722 562 856 627 mondes
871 569 954 627 lsvl
968 571 1047 631 tom.
1063 568 1148 641 911.
1165 568 1229 645 65),
1247 564 1428 629 bonoribus

258 669 408 748 petendis
433 688 496 733 non
528 669 699 733 admodum
733 669 898 735 distentus
921 671 1166 750 impeditusque
1191 670 1256 735 fuit
1279 671 1335 752 [of.
1350 672 1428 740 dial.

257 773 462 860 1111112),
509 779 649 855 amplam
695 779 801 855 igitur
846 778 971 856 ingenii
1009 777 1182 843 excolendi
1221 781 1428 843 occasionem

257 884 391 947 fortuna
417 886 446 948 ei
472 885 650 949 obtulerat.
688 885 911 949 Nihilominus
936 887 1134 962 sapientiam
1154 887 1225 950 eius
1246 887 1429 951 1111111111

257 993 341 1055 satis
367 993 588 1073 immaturam,
626 992 809 1056 doctrinam
835 992 1033 1057 mediocrem
1070 993 1103 1056 in
1138 995 1304 1072 rebusque
1328 1001 1429 1058 meta-

258 1101 407 1178 physicis
443 1100 624 1164 semidocto
660 1101 849 1179 propiorem
885 1099 989 1165 fuisse
1034 1119 1073 1164 ex
1108 1102 1307 1181 primorum,
1345 1120 1428 1180 quae

258 1214 400 1287 exstant,
426 1207 627 1285 scriptorum
651 1206 763 1270 indole
787 1207 873 1271 baud
898 1206 1034 1271 difficile
1060 1207 1241 1286 colligitur.
1265 1208 1341 1285 Ipse
1366 1209 1428 1272 sibi

258 1332 360 1376 annos
385 1315 474 1377 inter
511 1333 593 1377 vana
630 1313 742 1379 studia
775 1321 969 1392 consumpta
994 1315 1098 1378 obicit
1123 1312 1206 1397 (nat.
1232 1325 1359 1393 quaest.
1377 1315 1429 1378 ΙΙΙ

258 1421 361 1498 praef.
379 1421 410 1500 1)
436 1431 470 1484 11
494 1421 571 1484 libri
598 1421 636 1484 de
668 1413 906 1502 motuterrae,
932 1422 970 1485 de
995 1423 1063 1486 situ
1088 1422 1214 1498 Indiae,
1240 1421 1280 1485 de
1305 1423 1371 1487 situ
1396 1431 1430 1486 et

257 1529 364 1592 sacris
398 1529 652 1608 Aegyptiorum,
689 1529 814 1592 similes
850 1531 1060 1607 populariter
1095 1529 1213 1608 scripti
1250 1536 1320 1592 tum
1345 1549 1428 1593 com·

258 1637 360 1712 positi
386 1654 458 1700 esse
482 1635 649 1701 videntur.
692 1637 796 1700 Annis
821 1637 1072 1714 insequentibus
1097 1643 1218 1717 autem,
1243 1655 1314 1700 cum
1340 1637 1429 1703 vitae

257 1742 413 1806 fiuctibus
436 1743 631 1823 instaretur,
658 1762 730 1806 cum
755 1743 944 1821 inopinatus
969 1744 1001 1807 in
1028 1743 1182 1807 exsilium
1208 1744 1335 1808 eiectus
1358 1763 1429 1808 eum

259 1850 430 1912 maximum
463 1850 694 1928 philosophiae
725 1849 869 1914 fructum
902 1851 1051 1930 haberet,
1084 1858 1120 1914 ut
1144 1848 1322 1930 fortunam,
1347 1869 1430 1928 quae

257 1956 547 2034 indulgentissime
582 1957 765 2036 pecuniam,
802 1957 955 2038 11111111,
992 1956 1133 2034 gratiam
1172 1957 1203 2020 11
1228 1958 1427 2037 contulerat,

259 2081 297 2125 eo
322 2064 396 2127 loco
422 2070 570 2141 poneret,
607 2063 692 2127 unde
728 2063 810 2127 haec
847 2063 955 2126 omnia
979 2063 1049 2126 siue
1075 2071 1165 2126 motu
1191 2081 1250 2126 sno
1274 2071 1429 2141 repetere

258 2179 372 2247 posset
396 2169 482 2247 (dial.
495 2169 574 2248 ΧΠ,
591 2175 642 2250 19,
656 2168 701 2253 2),
736 2188 806 2234 cum
842 2169 960 2234 deinde
986 2171 1097 2234 subito
1122 2178 1308 2235 revocatus.
1326 2177 1369 2251 et,
1394 2178 1431 2235 ut

258 2279 408 2341 scholion
432 2278 700 2356 ‹luvenalianum
726 2277 812 2356 qnod
837 2278 937 2341 Probi
968 2277 1097 2340 nomine
1133 2275 1252 2357 fertur,
1284 2284 1431 2342 testatur

259 2386 312 2460 (ad
337 2386 431 2448 satir.
447 2386 485 2466 V,
501 2390 581 2462 1093
614 2383 655 2448 of.
688 2385 727 2448 H.
753 2385 921 2448 Lehmann
946 2384 978 2447 in
1003 2383 1169 2463 Philolog.
1200 2384 1282 2448 Vlll
1307 2405 1338 2463 p.
1354 2383 1431 2468 314)

259 2494 385 2557 invitus
410 2493 450 2555 ab
476 2493 664 2572 Agrippina
688 2491 868 2555 erudiendo
885 2492 1010 2555 Neroni
1036 2493 1069 2554 in
1086 2491 1251 2555 Palatium
1270 2491 1431 2556 adductus

260 2608 359 2680 esset,
397 2599 551 2663 maiorem
588 2617 698 2663 rerum
735 2598 950 2663 humanarum
986 2598 1207 2678 prudentiam,
1244 2617 1340 2676 quam
1370 2600 1431 2662 hae

258 2706 326 2771 fort
313 2715 412 2771 tunae
437 2705 684 2771 vicissitudines
710 2706 841 2787 dabant,
872 2707 920 2770 ita
945 2707 978 2769 11
1003 2723 1096 2769 usum
1122 2724 1215 2769 suum
1252 2706 1425 2782 convertit

260 2822 296 2877 ut
320 2813 549 2891 philosophiae
575 2812 1322 2891 11111111111111111111111.1111111111]
1346 2827 1425 2875 vero

260 2919 478 2998 perfectionis
495 2919 644 3000 gradum,
662 2938 756 2998 quem
775 2918 904 2998 quidem
924 2926 1122 2983 consecutus
1140 2927 1200 3000 est,
1227 2938 1265 2982 11
1281 2925 1429 2996 tempore

261 3027 420 3106 escendit,
446 3045 509 3104 quo
535 3026 775 3104 pulcherrima,
812 3044 907 3103 quam
931 3025 964 3089 in
991 3025 1154 3102 discipulo
1179 3033 1348 3105 posuerat,
1374 3042 1430 3101 spe

261 3133 402 3198 destitut
389 3142 442 3198 tus
486 3133 657 3197 maximum
695 3133 841 3196 dolorem
879 3139 912 3196 et
948 3134 1114 3196 sustinere
1151 3140 1184 3196 et
1220 3131 1430 3196 dissimulare

261 3241 411 3321 debebat,
437 3259 500 3319 quo
526 3240 566 3304 ab
592 3240 742 3304 omnibns
766 3238 837 3302 fere
864 3238 975 3303 desert
962 3247 1027 3318 t,us
1052 3248 1190 3304 mortem
1219 3247 1296 3304 ante
1317 3239 1431 3303 oculos

261 3349 396 3429 habens,
427 3349 460 3410 in
493 3349 563 3412 otio
595 3348 741 3427 vivebat,
767 3355 803 3411 ut
827 3354 1037 3424 posterorum
1062 3348 1200 3426 negotia
1224 3353 1342 3424 ageret
1366 3343 1430 3426 (11

261 3462 280 3520 8
284 3458 347 3537 ,2).
383 3456 465 3518 lum
491 3455 617 3518 demum
642 3454 682 3517 ad
708 3472 777 3517 eam
803 3454 902 3517 animi
928 3452 1155 3518 tortitudinem
1182 3471 1317 3532 eamque
1347 3452 1431 3518 iudi-

262 3563 357 3626 candi
382 3563 608 3626 maturitatem
634 3562 799 3642 pervenit,
825 3579 919 3639 quam
945 3561 979 3623 in
1003 3562 1182 3638 postremis
1207 3561 1344 3639 scriptis
1376 3558 1431 3622 ad·

262 3671 429 3733 miramur
