3224 4964
751 347 1009 414 -32-,

279 539 431 602 securius
456 540 485 602 ei
511 556 546 602 se
572 538 651 602 dare
676 538 724 601 eis
749 537 840 619 licet,
865 547 899 603 et
924 548 1041 604 contra
1066 556 1104 601 eo
1126 537 1232 616 magis
1249 555 1306 602 eos
1324 539 1451 618 timeat,

280 663 343 722 quo
384 644 532 708 deterior
571 645 642 724 ipsc
671 645 898 724 infirmiorque
934 647 975 710 ad
1014 644 1237 711 resistendum
1278 653 1346 709 est:
1387 665 1449 708 non

280 751 417 816 affectus
442 761 519 815 sunt
544 753 670 831 vitiosi,
695 751 752 816 sed
777 753 937 816 homines.

386 876 513 940 Existit
549 885 656 941 autem
696 877 755 940 hoc
792 877 865 940 loco
902 877 1052 956 quaestio
1089 876 1318 941 subdifficilis:
1380 875 1451 958 Qua

280 985 410 1046 ratione
436 983 573 1047 allectus
605 983 780 1047 coercendi
810 983 911 1048 sunt?
961 985 1076 1050 Utrum
1100 981 1264 1047 radicitus
1289 983 1452 1047 evellendi

279 1098 481 1170 autentum,
518 1101 556 1155 nt
591 1093 638 1154 ita
672 1089 788 1170 dicam,
826 1092 1034 1155 luxuriantes
1067 1109 1178 1154 eorum
1204 1091 1287 1154 rami
1313 1092 1451 1154 eircum-

280 1196 409 1260 cidondi
447 1197 702 1276 amputandique
737 1197 838 1261 suut?
884 1198 923 1261 Iu
959 1198 1022 1261 hac
1046 1216 1082 1261 re
1107 1196 1282 1260 tractanda
1307 1207 1344 1261 ut
1367 1197 1451 1262 alias

278 1304 473 1384 videbimus,
499 1323 593 1383 quam
620 1303 705 1368 falsa
723 1306 860 1384 vulgata
877 1305 936 1368 illa
955 1304 1064 1384 opinio
1083 1305 1139 1384 sit,
1164 1304 1322 1368 Senecam
1340 1311 1450 1368 aetate

279 1419 472 1489 provectum
514 1411 678 1476 mitiorem
719 1413 944 1491 lenioremque
990 1411 1113 1476 factum
1153 1429 1237 1478 essa.
1300 1409 1363 1492 Qui
1403 1412 1451 1475 ita

281 1517 404 1599 dicunt,
441 1519 557 1597 legunt
593 1518 720 1597 quidem
759 1520 922 1596 epistulas
947 1517 1092 1583 refertas
1118 1519 1451 1583 commentationibus

282 1635 315 1689 ut
351 1625 542 1690 illustribus
579 1627 627 1690 ita
663 1626 749 1690 haud
783 1644 861 1689 raro
897 1630 980 1690 satis
1017 1625 1169 1705 frigidis,
1207 1625 1452 1689 obliviscuntur

279 1743 388 1796 autem
414 1733 495 1796 nihil
522 1732 671 1797 dolosius
689 1751 761 1796 esse
783 1735 843 1796 hac
860 1733 982 1813 quiete,
1008 1733 1061 1796 vel
1079 1734 1257 1810 capiuntur
1282 1728 1450 1797 suavitate

279 1841 426 1903 locorum
464 1839 666 1918 quorundam
704 1839 936 1905 misericordia
971 1840 1138 1904 bominum
1173 1839 1339 1917 pessimae
1375 1858 1449 1902 eon·

280 1947 422 2011 dicionis
458 1948 629 2025 plenorum
668 1966 733 2011 non
768 1949 992 2026 respicientes
1027 1948 1067 2010 ad
1092 1948 1178 2011 alios
1201 1947 1304 2028 locos,
1330 1947 1450 2025 quibus

279 2054 495 2118 acerbissime
531 2055 564 2117 in
601 2055 684 2119 vitia
722 2043 852 2119 aetatis
875 2055 1056 2120 invehitur.
1106 2054 1172 2119 Res
1201 2055 1234 2118 in
1260 2054 1449 2119 universum

280 2160 413 2224 decerni
449 2179 514 2224 non
549 2170 680 2240 potest3
717 2163 801 2226 satis
835 2162 953 2241 habeo,
989 2163 1024 2224 in
1059 2161 1120 2224 bac
1153 2179 1191 2225 re
1216 2161 1449 2239 philosophum

278 2269 481 2333 severiorem
512 2267 634 2333 factum
668 2287 741 2333 esse
765 2270 917 2346 probare.
966 2269 1111 2332 Primum
1142 2270 1249 2332 locum
1275 2267 1354 2334 dial.
1372 2267 1449 2338 XII.

283 2380 369 2453 ll,3
395 2375 539 2440 afferam.
577 2373 680 2456 Quam
705 2377 845 2440 humane
871 2377 1075 2454 comiterque
1099 2377 1153 2439 hic
1178 2377 1277 2440 matri
1295 2376 1451 2440 liberalia

278 2482 389 2546 studia
435 2490 599 2561 tamquam
648 2483 828 2547 remedium
876 2485 971 2547 nimii
1019 2486 1181 2548 maeroris
1228 2483 1449 2548 commendat!

281 2590 418 2669 ,ltaque
453 2590 522 2669 illo,
563 2592 682 2669 iuquit,
717 2598 752 2654 te
788 2591 882 2670 duco,
920 2611 983 2671 quo
1008 2593 1171 2672 omnibus,
1203 2592 1258 2669 qui
1283 2590 1447 2655 tartunam

279 2697 423 2777 lugiunt,
448 2696 702 2777 confugiendum
728 2707 789 2778 est,
814 2699 854 2763 ad
880 2697 1033 2763 liberalia
1054 2698 1177 2766 studia:
1201 2699 1263 2761 1111
1287 2699 1448 2761 sanabunt

279 2804 395 2868 volnus
419 2813 521 2886 tuum,
548 2805 607 2869 illa
631 2824 757 2870 omnem
782 2806 959 2870 tristitiam
983 2807 1045 2871 tibi
1072 2804 1251 2870 evellent.“
1276 2805 1445 2867 Neautem

280 2913 341 2975 hoc
377 2915 476 2976 matri
516 2913 695 2991 pietatique
733 2913 842 2977 datum
880 2931 953 2978 esse
977 2920 1085 2992 putes,
1111 2914 1205 2992 legas
1230 2911 1339 2992 velim,
1364 2927 1447 2989 quae

279 3004 318 3082 ad
346 3020 518 3099 Polybium
544 3021 664 3083 scribit
689 3020 777 3096 (dial.
792 3021 851 3101 XI,
865 3026 917 3100 18,
932 3025 981 3096 bl:
1008 3021 1210 3100 „Numquam
1245 3027 1354 3083 autem
1386 3035 1448 3097 ego

279 3136 366 3206 ate,
390 3145 432 3190 ne
458 3145 498 3189 ex
528 3135 602 3192 toto
634 3145 803 3208 moereas,
829 3128 970 3206 exigam.
1019 3128 1064 3192 Et
1088 3128 1158 3191 scio
1184 3125 1329 3190 inveniri
1353 3143 1449 3204 quos·

280 3233 351 3297 dam
378 3233 480 3297 durae
505 3235 610 3312 magis
643 3253 737 3313 quam
770 3233 870 3300 fortis
894 3235 1091 3313 prudentiae
1117 3235 1220 3315 viros,
1246 3225 1302 3312 qui
1327 3240 1450 3311 negent

279 3341 459 3405 doliturum
486 3359 559 3405 esse
577 3343 777 3419 sapientem:
804 3343 836 3405 bi
861 3361 925 3405 non
950 3342 1106 3407 videntur
1129 3342 1210 3406 mihi
1240 3358 1391 3418 umquam
1416 3340 1449 3402 in

279 3448 440 3512 eiusmodi
466 3466 576 3512 casum
603 3449 769 3512 incidisse.
809 3450 966 3528 Alioquin
992 3449 1194 3513 excussisset
1217 3449 1288 3512 illis
1320 3447 1450 3511 fortuna

279 3557 453 3633 superbam
490 3556 687 3633 sapientiam
725 3564 759 3621 et
794 3557 834 3620 ad
861 3555 1102 3621 confessionem
1129 3575 1186 3620 eos
1210 3573 1321 3622 veram
1349 3555 1448 3620 etiam

278 3664 403 3727 invitos
429 3664 675 3740 compulisset„
702 3664 791 3728 Satis
816 3664 1026 3742 praestiterit
1051 3665 1149 3744 ratio,
1175 3665 1201 3728 si
1228 3663 1261 3727 id
1286 3680 1383 3726 unum
1410 3679 1450 3724 ex

279 3769 404 3844 dolore,
431 3768 516 3847 quod
551 3779 584 3833 et
617 3779 771 3847 superest
795 3779 828 3834 et
852 3771 1007 3850 abundat,
1033 3770 1230 3838 exciderit.“
1277 3769 1449 3847 Peripate-

278 3878 379 3941 ticum
416 3876 532 3940 andire
567 3885 601 3940 te
635 3877 762 3941 credas.
810 3878 918 3942 Etiam
952 3878 1121 3942 nonnullis
1146 3878 1239 3941 annis
1263 3884 1340 3954 post
1363 3874 1449 3940 haud

279 4002 384 4062 pauca
409 3983 649 4061 cupiditatibus
675 3985 838 4052 concedit.
873 3985 911 4049 In
937 4003 1022 4048 nono
1048 3985 1181 4062 dialogo
1206 3983 1272 4064 (10,
1292 3982 1324 4067 5)
1354 3983 1449 4048 dicit:

280 4091 372 4172 „Non
409 4101 486 4155 suut
522 4100 696 4168 praetcrea
733 4091 934 4168 cupiditates
959 4093 993 4155 in
1017 4093 1232 4171 longinquum
1259 4090 1449 4169 mittendae,

280 4197 336 4262 sed
361 4197 394 4261 in
419 4199 563 4263 vicinum
590 4199 660 4262 illis
686 4199 800 4278 egredi
827 4200 1067 4278 permittamus,
1093 4201 1246 4278 quoniam
1269 4197 1393 4262 includi
1410 4215 1451 4261 ex

278 4315 351 4369 toto
384 4325 445 4369 uon
480 4306 684 4385 patiuntur.“
733 4307 922 4371 Fortiorem
960 4307 1138 4387 Stoicoque
1168 4307 1353 4386 digniorem
1378 4323 1451 4369 sen·
