3224 4964
655 454 904 519 -43—

176 645 234 709 sed
258 647 381 724 premit
405 655 438 708 et
464 652 571 722 urget.
611 645 714 708 Plura
739 645 824 708 enim
850 646 999 725 veniunt,
1025 663 1121 723 quam
1146 645 1266 722 quibus
1283 662 1348 707 una

177 773 240 818 vox
265 751 430 816 sufficiat.⁷
480 753 550 816 Hoc
585 771 651 815 non
685 753 789 830 probo
826 753 859 814 in
896 752 1106 831 philosopho,
1144 752 1237 814 cuius
1274 769 1349 828 pro·

175 861 342 924 nuntiatio
377 877 517 938 quoquo,
554 860 642 924 sicut
679 860 759 940 vita,
796 858 895 923 debet
928 877 1001 922 esse
1028 857 1230 937 composita:
1264 857 1349 921 nihil

176 978 285 1032 autem
312 967 497 1030 ordinatum
523 975 584 1047 est,
610 966 695 1044 quod
720 966 964 1044 praecipitatur
981 975 1015 1030 et
1031 950 1200 1044 properat.
1230 966 1348 1044 Itaque

177 1075 284 1139 oratio
310 1075 368 1137 illa
400 1072 485 1151 apud
511 1075 688 1137 Homerum
714 1074 883 1137 concitata
908 1082 941 1137 et
966 1075 1038 1136 sine
1063 1074 1289 1137 itormissione
1315 1074 1347 1135 iu

177 1200 298 1245 morem
330 1182 419 1245 nivis
451 1182 689 1258 superveniens
722 1181 847 1244 oratori
874 1180 951 1244 data
983 1188 1050 1245 ost:
1083 1181 1168 1244 lenis
1194 1189 1227 1244 et
1252 1180 1348 1243 melle

177 1289 305 1352 dulcior
340 1288 411 1351 seni
455 1287 590 1364 profluit
626 1285 836 1366 (ep.4o,a).“
887 1286 1014 1366 Quibus
1052 1286 1091 1350 de
1129 1289 1239 1352 causis
1276 1306 1348 1351 eum

176 1395 348 1474 eloquendi
384 1412 517 1474 genere,
555 1413 617 1472 quo
658 1395 850 1458 Demetrius
886 1395 1052 1474 utebatur,
1089 1402 1206 1472 postea
1242 1395 1349 1458 minus

176 1503 377 1567 delectatum
403 1519 475 1564 esse
501 1501 763 1579 sententiamque
789 1502 970 1566 mutavisse
996 1503 1192 1578 putaverim.

282 1627 357 1691 dam
382 1624 423 1689 ad
449 1645 487 1690 ea
511 1625 741 1704 philosophiae
767 1629 964 1690 Aunaoanae
991 1627 1103 1703 capita
1125 1633 1349 1706 transeamus,

177 1753 259 1813 quae
284 1733 325 1796 ad
357 1734 459 1799 vitam
495 1751 668 1811 moresque
700 1733 886 1812 aequalium
912 1735 1093 1813 pertinent,
1118 1735 1348 1811 imprimisque

177 1840 255 1920 quid
291 1840 330 1903 de
365 1846 455 1904 statu
490 1859 600 1903 rerum
639 1840 859 1904 Romanarum
896 1840 1104 1917 publicarum
1136 1841 1349 1920 cogitaverit,

177 1948 395 2012 enucleemus,
444 1948 565 2012 Sextus
599 1947 752 2026 dialogus
784 1948 816 2010 in
841 1946 966 2011 medias
989 1965 1044 2010 res
1070 1946 1190 2014 ducitt
1219 1946 1349 2027 Quanto

175 2073 287 2118 amore
311 2056 365 2118 hic
389 2062 536 2118 veterem
568 2055 618 2116 rei
651 2053 804 2130 publicae
836 2052 974 2116 formam
1000 2053 1227 2134 amplectitur,
1253 2073 1348 2133 quam

176 2152 279 2239 plena
305 2168 356 2225 est
387 2179 425 2224 ea
456 2160 641 2224 consolatio
667 2160 728 2223 alti
754 2159 971 2237 sublimisque
1001 2160 1158 2237 spiritus!
1207 2161 1284 2225 Sive
1309 2164 1349 2223 A.

177 2268 338 2332 Cremutii
376 2267 486 2346 Cordi,
523 2267 639 2345 optimi
677 2267 755 2347 viri,
792 2265 973 2347 demortui,
1011 2267 1066 2345 qui
1102 2268 1250 2331 subactis
1285 2267 1348 2331 iam

177 2375 365 2439 cervicibus
406 2375 549 2438 omnium
580 2361 766 2437 'indomitus
806 2372 910 2437 fuerit
949 2369 991 2456 (c.
1015 2379 1042 2454 1,
1064 2370 1108 2456 3),
1145 2374 1217 2437 sive
1252 2375 1349 2439 Bruti

176 2482 431 2560 Lucretiaeque,
447 2480 502 2560 qui
515 2498 628 2560 regem
642 2480 800 2544 Romanis
815 2480 980 2558 capitibus
994 2480 1179 2545 deiecerint
1192 2479 1233 2562 (c.
1250 2478 1349 2564 16,2),

177 2589 365 2653 memoriam
401 2588 553 2652 laudibus
586 2589 745 2668 celebrat,
782 2589 912 2653 sivein
940 2588 1136 2668 Dionysium
1161 2594 1349 2669 tyrannum,

175 2697 261 2762 iuris
286 2697 461 2775 legumque
495 2713 696 2775 eversorem,
728 2696 900 2760 invehitur
931 2701 997 2776 (17,
1012 2695 1055 2775 5),
1081 2696 1153 2760 sive
1178 2695 1350 2773 Scipiones

176 2806 385 2883 Catonesque
422 2811 667 2880 contemptores
703 2802 792 2868 vitae
829 2810 863 2867 et
899 2802 1015 2866 mortis
1040 2801 1199 2866 beneficio
1224 2803 1349 2866 liberos

177 2911 268 2974 caelo
293 2910 449 2989 adsignat
475 2947 515 2954 —
541 2911 663 2989 ubique
688 2927 766 2972 acer
790 2910 917 2974 veteris
941 2908 992 2972 rei
1017 2910 1170 2986 publicae
1196 2908 1350 2973 defensor

176 3027 428 3098 assectatorque
476 3019 602 3082 existit.
672 3018 744 3083 Una
781 3016 912 3096 quidam
954 3035 1009 3081 res
1047 3034 1258 3096 permagnam
1295 3016 1350 3081 ad·

177 3125 386 3189 mirationem
410 3126 527 3188 habet:
553 3126 719 3189 incertum
738 3125 993 3203 ambiguumque
1011 3123 1051 3188 de
1069 3123 1163 3188 Sulla
1180 3123 1349 3204 iudicium,

177 3231 216 3295 de
248 3231 361 3295 eodem
392 3233 477 3311 viro,
511 3250 606 3311 quem
638 3238 755 3310 postea
779 3250 910 3309 semper
933 3231 1150 3295 acerbissimo
1176 3230 1251 3312 odio
1276 3248 1350 3307 por·

177 3348 312 3403 secutus
338 3346 389 3402 est
414 3336 467 3420 (de
493 3339 585 3407 clam.
598 3340 625 3420 I,
643 3346 693 3421 la,
708 3346 810 3418 1-23
837 3338 1154 3419 dial.V,1a‚1-a;
1180 3337 1219 3400 de
1241 3336 1349 3404 benef.

181 3447 216 3525 V,
234 3452 286 3521 16,
301 3452 318 3510 3
333 3469 340 3524 ;
366 3444 442 3513 dial.
457 3446 483 3525 Ι,
499 3451 529 3526 3,
544 3452 647 3530 7--8;
672 3465 722 3525 ep.
738 3451 789 3527 11,
803 3450 839 3525 4,
864 3444 983 3525 fragm.
1005 3449 1067 3521 63).
1116 3443 1285 3525 Quomodo
1311 3443 1350 3508 de

177 3537 341 3618 acerrima
366 3553 437 3616 eius
461 3553 588 3630 virtute
613 3554 647 3616 in
673 3554 788 3617 hostes
814 3554 970 3631 civesque
995 3552 1086 3630 loqui
1119 3552 1239 3632 potuit,
1272 3570 1350 3630 quo-

178 3660 271 3724 modo
290 3661 412 3741 dicere,
431 3661 530 3724 etiam
549 3660 701 3724 inimicos
720 3658 930 3724 conlassuros
948 3676 1032 3734 essa,
1049 3660 1131 3723 bene
1149 3659 1242 3722 illum
1259 3677 1352 3723 arma

178 3771 376 3846 sumpsisse,
408 3769 490 3831 bene
522 3765 738 3845 deposuisse?
775 3766 937 3847 Concedo,
961 3765 1165 3844 vituperatio
1191 3765 1349 3845 quaedam

178 3892 242 3937 non
267 3874 377 3943 deest:
414 3875 573 3939 malitiam
611 3874 682 3938 eius
719 3873 856 3938 silentio
893 3892 956 3937 non
992 3875 1158 3951 praeterit
1193 3873 1350 3952 additque

178 3999 249 4044 eum
291 3982 457 4045 homiuum
496 3981 571 4046 odia
605 4000 670 4045 non
706 3981 850 4046 veritum
890 3999 980 4045 esse:
1028 3984 1073 4045 At
1109 3982 1142 4044 in
1178 3982 1241 4045 hac
1277 3981 1350 4057 ipsa

177 4087 393 4152 fluctuatione
429 4088 545 4152 iudicii
581 4087 720 4168 offendo,
756 4089 936 4166 permirum
972 4088 1052 4152 mihi
1087 4087 1230 4168 videtur,
1263 4087 1350 4166 quod

177 4213 246 4258 rom
271 4193 413 4258 nondum
449 4195 628 4259 iudicatam
666 4195 759 4276 dicit,
794 4197 902 4274 qualis
934 4195 1027 4261 Sulla
1051 4194 1154 4259 fuerit
1178 4191 1220 4278 (c.
1237 4200 1287 4273 12,
1304 4193 1348 4276 6).

177 4303 422 4381 Supervacuum
449 4311 510 4383 est,
536 4303 568 4367 in
593 4303 689 4382 vagis
715 4304 918 4367 coniecturis
943 4302 996 4366 hic
1015 4302 1170 4366 laborare
1187 4301 1348 4380 nodisque

178 4419 399 4490 contorquere
412 4428 481 4474 rem
495 4411 681 4488 simplicem
694 4435 700 4474 :
715 4418 850 4488 praeter
866 4409 951 4474 alios
968 4411 1023 4474 hic
1039 4410 1133 4474 locus
1151 4408 1347 4474 documento
