3224 4964
726 315 944 382 *lg-⁴·

248 511 334 575 male
369 509 535 578 audientis
571 515 782 586 abstinuisse.
811 514 868 578 vix
905 513 1101 578 credendum
1139 521 1199 578 est,
1247 512 1327 578 Nam
1358 513 1420 578 etsi

247 619 340 682 illius
379 622 541 698 temporis
580 621 852 699 philosophorum
890 621 990 684 animi
1028 622 1171 699 partium
1208 619 1318 686 studio
1355 629 1423 684 tam

249 727 344 789 vacui
370 726 473 791 fuisse
498 728 665 806 videntur,
691 736 727 792 ut
751 728 790 791 de
808 728 987 792 Posidonio
1006 729 1073 793 dici
1097 730 1261 806 potuerit:
1289 720 1425 788 Ἐκεῖνοι

248 825 392 921 μὲνγὰρ
415 828 553 894 ἔπεισαν
578 824 695 901 nicode
719 828 849 910 (oricola
875 833 1015 916 Usener)
1046 830 1105 914 τὴν
1130 835 1272 915 πατρίδα
1297 832 1423 913 μᾶλλον

248 929 267 1022 ἢ
291 933 333 1000 uu'
367 939 512 1019 δόγματα
548 940 743 1023 προδοῦναι,
780 935 998 1010 Ποσειδώνιος
1034 940 1069 1002 δὲ
1103 936 1161 1020 τὴν
1185 944 1249 1003 τῶν
1273 943 1424 1003 Στωϊκῶν

249 1043 374 1128 αἵρεσιν
398 1045 525 1123 μᾶλλον
556 1035 658 1131 dicho
682 1040 845 1131 α’λήθειαν
882 1048 1012 1129 (Galen.
1049 1049 1127 1128 περὶ
1151 1051 1215 1109 τῶν
1238 1051 1293 1132 τῆς
1319 1050 1424 1133 ψυχῆς

248 1147 341 1237 ἠθῶν
364 1154 421 1234 IV,
447 1160 530 1238 8193
555 1154 595 1218 cf.
622 1155 754 1220 Gorcke
780 1155 986 1236 Chrysippea
1010 1174 1040 1234 p.
1065 1161 1146 1236 6963
1174 1159 1211 1220 A.
1230 1157 1422 1223 Schmekel:

251 1260 313 1324 Die
331 1260 545 1338 Philosophia
572 1261 630 1325 der
655 1263 825 1326 mittleren
850 1263 930 1327 Stoa
954 1263 986 1326 in
1013 1263 1117 1326 ihrem
1135 1263 1422 1343 geschichtlicheu

249 1369 554 1447 Zosammeuhange
590 1368 799 1448 dargestellt.
842 1375 925 1433 1892
951 1389 980 1448 p.
1006 1373 1093 1450 401),
1124 1377 1234 1434 tamen
1260 1371 1292 1433 in
1318 1371 1423 1448 philo-

249 1476 351 1553 sopho
388 1482 502 1538 nostro
538 1495 602 1539 nou
640 1477 753 1540 statim
779 1478 819 1539 ab
846 1477 943 1540 initio
968 1478 1226 1556 tam'integrum
1253 1480 1424 1554 incorrup-

248 1589 383 1660 tumque
419 1583 577 1646 iudicium
615 1583 762 1662 viguisse
793 1582 1000 1650 crediderim.
1049 1585 1192 1662 Propius
1216 1584 1359 1649 fortasse
1384 1584 1424 1648 ad

248 1689 423 1772 veritatem
450 1689 644 1753 accedemus
681 1697 715 1752 et
739 1691 883 1766 ipsorum
911 1708 993 1767 quos
1019 1691 1113 1754 modo
1139 1692 1236 1755 attuli
1263 1692 1423 1769 graduum

250 1795 466 1860 difficultates
502 1796 636 1860 facilius
667 1795 890 1875 expediemus
928 1797 955 1860 si
983 1796 1140 1860 Senecam
1165 1816 1183 1859 a
1209 1816 1311 1874 puero
1337 1798 1424 1862 haud

249 1904 403 1981 exiguam
428 1912 539 1966 sectae
564 1904 663 1966 istius
699 1902 964 1966 malevolentiam
991 1903 1168 1981 collegisse
1194 1905 1422 1970 statuerimus.

250 2011 321 2073 Hoc
346 2018 382 2074 ut
407 2008 589 2086 credamus,
623 2028 685 2072 uon
712 2008 806 2072 modo
832 2010 988 2087 antiquus
1013 2009 1072 2071 ille
1097 2010 1193 2087 rigor
1217 2009 1333 2088 patris,
1367 2010 1424 2086 qui

249 2118 408 2179 maiorum
454 2115 685 2180 consuetudini
727 2116 858 2180 deditus
895 2117 1140 2193 philosophiam
1178 2115 1294 2180 oderat
1333 2114 1424 2191 (dial.

250 2224 328 2302 Xll,
367 2229 417 2303 17,
444 2228 531 2288 3—4
555 2239 589 2286 et
613 2242 663 2300 ep.
693 2229 765 2303 108,
791 2227 859 2304 22),
896 2223 952 2287 sed
979 2224 1077 2286 etiarn
1102 2223 1236 2286 libellus
1261 2223 1425 2302 admonet,

251 2348 343 2408 quem
382 2331 498 2394 Sotion
534 2329 677 2409 Stoicus,
726 2331 889 2408 magister
925 2331 1081 2411 Senecae,
1126 2336 1242 2394 contra
1279 2328 1424 2393 Dioclem

250 2438 435 2514 Magnetem
462 2437 609 2514 scripsit.
658 2437 720 2500 Hic
745 2438 830 2500 enim
855 2438 1085 2516 philosophus,
1116 2437 1216 2500 nullis
1242 2435 1337 2500 unius
1362 2434 1426 2498 dis·

250 2543 393 2620 ciplinae
418 2544 550 2620 legibus
578 2543 770 2622 adstrictus
808 2545 913 2620 primo
938 2563 967 2610 a.
1005 2544 1079 2608 Chr.
1106 2544 1240 2607 saeculo
1267 2545 1299 2606 iu
1326 2560 1426 2621 opere

250 2668 331 2717 suo:
362 2642 522 2729 διαδρομὴ
546 2652 611 2710 τῶν
635 2644 824 2729 φιλοσόφων
849 2649 1037 2716 Stoicorum
1061 2650 1325 2730 Cynicorumque
1351 2649 1425 2712 doc-

250 2737 371 2820 trinam
409 2757 629 2820 recouciliare
666 2766 699 2821 01
736 2759 769 2822 in
794 2758 937 2834 speciem
962 2757 1203 2836 Epicureorum
1229 2756 1425 2820 assimulare

251 2863 437 2943 studuerat,
479 2864 711 2928 Antisthenen
751 2864 997 2944 Epicurumque
1038 2882 1101 2927 uno
1141 2865 1262 2942 spiritu
1303 2863 1425 2926 collau·

251 2970 388 3033 daverat
412 2969 467 3044 (cf.
493 2970 674 3034 Susamiul:
713 2969 915 3035 Geschichte
952 2970 1011 3034 der
1046 2967 1174 3048 griech.
1201 2970 1279 3047 Litt.
1308 2971 1341 3032 in
1368 2971 1426 3031 der

252 3076 565 3140 Alexandrioerzeit
599 3076 669 3156 lp.
696 3079 782 3152 509).
830 3077 868 3140 lu
905 3094 999 3155 quern
1026 3077 1139 3141 Sotion
1164 3076 1316 3140 libellum
1340 3094 1425 3139 com-

250 3185 372 3262 posuit,
398 3183 489 3246 cuius
514 3181 644 3261 titulus,
669 3178 836 3244 Διόκλειοι
857 3178 990 3263 ἔλεγχοι,
1016 3199 1129 3262 parum
1147 3182 1303 3246 definitus
1320 3182 1425 3261 suspi-

252 3291 377 3353 cionem
413 3297 532 3370 movet,
569 3292 601 3353 in
641 3292 724 3354 hanc
760 3293 864 3370 ipsam
901 3289 1127 3353 confusionem
1161 3308 1232 3353 eum
1259 3290 1426 3355 invectum

252 3396 443 3476 0330111103
468 3398 628 3475 cuiusque
653 3396 850 3478 disciplinae
883 3399 990 3461 artius
1015 3398 1331 3476 circumscripsisse,
1367 3396 1425 3458 im·

252 3503 366 3582 primis
402 3501 583 3582 Epicureos
619 3504 651 3567 iu
677 3506 794 3568 hortos
819 3522 896 3567 suos
920 3504 1090 3568 reiecisse.
1139 3502 1210 3585 Qua
1234 3504 1426 3567 coniectura

252 3611 279 3672 si
306 3629 368 3672 non
394 3612 596 3691 aberramus
622 3611 779 3675 Senecam
797 3611 1043 3676 adulescentem
1065 3612 1184 3675 mentis
1203 3621 1267 3674 tam
1287 3627 1425 3674 severae

252 3719 377 3781 semina
414 3718 574 3796 quaedam
609 3719 788 3798 recepisse,
837 3734 896 3798 pro
933 3737 1012 3782 vero
1049 3735 1271 3796 germanoque
1301 3717 1426 3796 Stoico,

252 3825 333 3888 licet
357 3825 536 3888 subtiliora
573 3843 636 3887 uon
662 3826 745 3888 satis
771 3825 990 3904 perspexerit,
1026 3842 1061 3887 30
1086 3825 1232 3901 gessisse
1257 3841 1426 3888 aversum-

253 3950 315 4010 que
340 3933 380 3994 ab
406 3931 582 4010 Epicureis
607 3932 750 3994 animum
776 3932 905 3994 nonnisi
933 3932 1053 3994 sensim
1080 3939 1114 3995 et
1138 3930 1304 4009 gradatim
1329 3930 1425 4009 depo-

252 4039 371 4119 suisse,
397 4036 473 4116 quid
488 4037 718 4100 admirationis
742 4036 868 4101 habet?
893 4036 1031 4118 Quoquo
1057 4037 1151 4100 modo
1176 4055 1231 4100 res
1255 4055 1290 4100 30
1315 4038 1426 4117 habet,

253 4146 286 4207 in
322 4146 438 4225 primis
475 4144 618 4224 dialogis
642 4144 781 4221 Epicuri
820 4145 958 4222 eiusque
995 4150 1107 4207 sectae
1139 4145 1336 4208 mentionem
1362 4162 1425 4206 non

252 4251 345 4331 facit,
371 4253 405 4314 in
430 4271 479 4332 00,
505 4252 562 4331 qui
587 4252 742 4329 deinceps
766 4251 919 4330 sequitur
943 4251 997 4331 (Χ,
1018 4256 1068 4331 14,
1086 4249 1120 4333 2)
1146 4252 1269 4316 leviter
1293 4251 1426 4315 transit.
