<?xml version="1.0" encoding="UTF-8"?>
<!DOCTYPE html PUBLIC "-//W3C//DTD XHTML 1.0 Transitional//EN"
    "http://www.w3.org/TR/xhtml1/DTD/xhtml1-transitional.dtd">
<html xmlns="http://www.w3.org/1999/xhtml" xml:lang="en" lang="en">
 <head>
  <title>
</title>
<meta http-equiv="Content-Type" content="text/html;charset=utf-8" />
  <meta name='ocr-system' content='tesseract 3.04.00' />
  <meta name='ocr-capabilities' content='ocr_page ocr_carea ocr_par ocr_line ocrx_word'/>
</head>
<body>
  <div class='ocr_page' id='page_1' title='image "./dephilosophiaea00spiegoog_0014.png"; bbox 0 0 3224 4964; ppageno 0'>
   <div class='ocr_carea' id='block_1_1' title="bbox 123 601 1433 4438">
    <p class='ocr_par' dir='ltr' id='par_1_1' title="bbox 123 601 1433 4438">
     <span class='ocr_line' id='line_1_1' title="bbox 178 601 1349 694; baseline -0.009 -13"><span class='ocrx_word' id='word_1_1' title='bbox 178 619 361 682; x_wconf 87' lang='lat' dir='ltr'>constituto</span> <span class='ocrx_word' id='word_1_2' title='bbox 392 619 485 694; x_wconf 85' lang='lat' dir='ltr'>sunt,</span> <span class='ocrx_word' id='word_1_3' title='bbox 522 614 578 678; x_wconf 87' lang='lat' dir='ltr'>sed</span> <span class='ocrx_word' id='word_1_4' title='bbox 616 613 655 677; x_wconf 93' lang='lat' dir='ltr'>ad</span> <span class='ocrx_word' id='word_1_5' title='bbox 693 614 877 693; x_wconf 72' lang='grc' dir='ltr'><em>πρωτίστην</em></span> <span class='ocrx_word' id='word_1_6' title='bbox 913 612 1005 675; x_wconf 90' lang='lat' dir='ltr'>illam</span> <span class='ocrx_word' id='word_1_7' title='bbox 1041 601 1120 691; x_wconf 73' lang='lat' dir='ltr'>lap</span> <span class='ocrx_word' id='word_1_8' title='bbox 1155 609 1271 690; x_wconf 81' lang='lat' dir='ltr'><strong>refert,</strong></span> <span class='ocrx_word' id='word_1_9' title='bbox 1308 607 1349 671; x_wconf 87' lang='lat' dir='ltr'>ad</span> 
     </span>
     <span class='ocr_line' id='line_1_2' title="bbox 179 704 1347 802; baseline -0.006 -16"><span class='ocrx_word' id='word_1_10' title='bbox 179 725 315 802; x_wconf 85' lang='lat' dir='ltr'>primam</span> <span class='ocrx_word' id='word_1_11' title='bbox 360 722 646 799; x_wconf 80' lang='lat' dir='ltr'>inordinatamque</span> <span class='ocrx_word' id='word_1_12' title='bbox 692 720 883 796; x_wconf 75' lang='lat' dir='ltr'>materiam:</span> <span class='ocrx_word' id='word_1_13' title='bbox 921 704 1107 796; x_wconf 84' lang='lat' dir='ltr'>praeterea</span> <span class='ocrx_word' id='word_1_14' title='bbox 1140 735 1205 780; x_wconf 91' lang='lat' dir='ltr'>non</span> <span class='ocrx_word' id='word_1_15' title='bbox 1242 717 1347 779; x_wconf 90' lang='lat' dir='ltr'>solum</span> 
     </span>
     <span class='ocr_line' id='line_1_3' title="bbox 179 823 1349 910; baseline -0.009 -13"><span class='ocrx_word' id='word_1_16' title='bbox 179 831 320 910; x_wconf 86' lang='lat' dir='ltr'>Stoicos,</span> <span class='ocrx_word' id='word_1_17' title='bbox 347 829 404 892; x_wconf 89' lang='lat' dir='ltr'>sed</span> <span class='ocrx_word' id='word_1_18' title='bbox 437 829 533 892; x_wconf 85' lang='lat' dir='ltr'>etiarn</span> <span class='ocrx_word' id='word_1_19' title='bbox 569 829 752 907; x_wconf 79' lang='lat' dir='ltr'>Platonem,</span> <span class='ocrx_word' id='word_1_20' title='bbox 779 825 1005 903; x_wconf 82' lang='lat' dir='ltr'>Aristotelem,</span> <span class='ocrx_word' id='word_1_21' title='bbox 1038 842 1078 887; x_wconf 83' lang='lat' dir='ltr'>ex</span> <span class='ocrx_word' id='word_1_22' title='bbox 1103 823 1349 887; x_wconf 87' lang='lat' dir='ltr'>recentioribus</span> 
     </span>
     <span class='ocr_line' id='line_1_4' title="bbox 176 915 1433 1016; baseline -0.008 -15"><span class='ocrx_word' id='word_1_23' title='bbox 176 937 340 1002; x_wconf 81' lang='lat' dir='ltr'>Periclem</span> <span class='ocrx_word' id='word_1_24' title='bbox 375 935 513 1015; x_wconf 88' lang='lat' dir='ltr'>Lydium</span> <span class='ocrx_word' id='word_1_25' title='bbox 552 932 607 1016; x_wconf 86' lang='lat' dir='ltr'>(cf.</span> <span class='ocrx_word' id='word_1_26' title='bbox 640 934 753 998; x_wconf 85' lang='lat' dir='ltr'>Zeller</span> <span class='ocrx_word' id='word_1_27' title='bbox 782 933 877 1012; x_wconf 66' lang='lat' dir='ltr'>illa</span> <span class='ocrx_word' id='word_1_28' title='bbox 903 934 1023 1009; x_wconf 78' lang='lat' dir='ltr'>pttt)</span> <span class='ocrx_word' id='word_1_29' title='bbox 1048 915 1150 995; x_wconf 88' lang='lat' dir='ltr'>talem</span> <span class='ocrx_word' id='word_1_30' title='bbox 1175 930 1347 993; x_wconf 90' lang='lat' dir='ltr'>materiam</span> <span class='ocrx_word' id='word_1_31' title='bbox 1431 947 1433 959; x_wconf 92' lang='lat'><em>·</em></span> 
     </span>
     <span class='ocr_line' id='line_1_5' title="bbox 177 1037 1350 1123; baseline -0.007 -16"><span class='ocrx_word' id='word_1_32' title='bbox 177 1046 329 1123; x_wconf 82' lang='lat' dir='ltr'>posuisse</span> <span class='ocrx_word' id='word_1_33' title='bbox 365 1049 599 1106; x_wconf 89' lang='lat' dir='ltr'>commemorat</span> <span class='ocrx_word' id='word_1_34' title='bbox 631 1038 688 1122; x_wconf 86' lang='lat' dir='ltr'>(ci.</span> <span class='ocrx_word' id='word_1_35' title='bbox 721 1041 822 1104; x_wconf 90' lang='lat' dir='ltr'>etiam</span> <span class='ocrx_word' id='word_1_36' title='bbox 850 1039 909 1105; x_wconf 84' lang='lat' dir='ltr'>·Jo.</span> <span class='ocrx_word' id='word_1_37' title='bbox 941 1038 1148 1116; x_wconf 91' lang='lat' dir='ltr'>Philoponus</span> <span class='ocrx_word' id='word_1_38' title='bbox 1178 1037 1217 1100; x_wconf 90' lang='lat' dir='ltr'>de</span> <span class='ocrx_word' id='word_1_39' title='bbox 1242 1046 1350 1101; x_wconf 89' lang='lat' dir='ltr'>aeter-</span> 
     </span>
     <span class='ocr_line' id='line_1_6' title="bbox 177 1145 1349 1225; baseline -0.008 -10"><span class='ocrx_word' id='word_1_40' title='bbox 177 1153 287 1215; x_wconf 89' lang='lat' dir='ltr'>nitate·</span> <span class='ocrx_word' id='word_1_41' title='bbox 308 1151 417 1218; x_wconf 88' lang='lat' dir='ltr'>mundi</span> <span class='ocrx_word' id='word_1_42' title='bbox 444 1158 561 1214; x_wconf 88' lang='lat' dir='ltr'>eontra</span> <span class='ocrx_word' id='word_1_43' title='bbox 584 1148 740 1211; x_wconf 88' lang='lat' dir='ltr'>Proelum</span> <span class='ocrx_word' id='word_1_44' title='bbox 766 1145 816 1210; x_wconf 93' lang='lat' dir='ltr'>ed.</span> <span class='ocrx_word' id='word_1_45' title='bbox 843 1145 933 1210; x_wconf 89' lang='lat' dir='ltr'>Rabe</span> <span class='ocrx_word' id='word_1_46' title='bbox 958 1164 988 1222; x_wconf 87' lang='lat' dir='ltr'>p.</span> <span class='ocrx_word' id='word_1_47' title='bbox 1005 1149 1125 1225; x_wconf 79' lang='lat'>345,24</span> <span class='ocrx_word' id='word_1_48' title='bbox 1149 1153 1183 1208; x_wconf 93' lang='lat' dir='ltr'>et</span> <span class='ocrx_word' id='word_1_49' title='bbox 1207 1147 1349 1224; x_wconf 80' lang='lat'>409,23).</span> 
     </span>
     <span class='ocr_line' id='line_1_7' title="bbox 178 1246 1351 1332; baseline -0.011 -10"><span class='ocrx_word' id='word_1_50' title='bbox 178 1260 226 1322; x_wconf 89' lang='lat' dir='ltr'>De</span> <span class='ocrx_word' id='word_1_51' title='bbox 252 1258 375 1322; x_wconf 82' lang='lat' dir='ltr'>Stoicis</span> <span class='ocrx_word' id='word_1_52' title='bbox 402 1258 484 1332; x_wconf 89' lang='lat' dir='ltr'>ipsis</span> <span class='ocrx_word' id='word_1_53' title='bbox 508 1264 616 1319; x_wconf 91' lang='lat' dir='ltr'>autem</span> <span class='ocrx_word' id='word_1_54' title='bbox 643 1253 727 1317; x_wconf 91' lang='lat' dir='ltr'>idem</span> <span class='ocrx_word' id='word_1_55' title='bbox 747 1253 939 1331; x_wconf 80' lang='lat' dir='ltr'><strong>Simplicius</strong></span> <span class='ocrx_word' id='word_1_56' title='bbox 956 1252 1018 1316; x_wconf 88' lang='lat' dir='ltr'>hoe</span> <span class='ocrx_word' id='word_1_57' title='bbox 1036 1250 1158 1315; x_wconf 89' lang='lat' dir='ltr'>tradit:</span> <span class='ocrx_word' id='word_1_58' title='bbox 1185 1246 1351 1331; x_wconf 76' lang='grc' dir='ltr'><em>,,Σω’ματα</em></span> 
     </span>
     <span class='ocr_line' id='line_1_8' title="bbox 177 1349 1351 1446; baseline -0.007 -21"><span class='ocrx_word' id='word_1_59' title='bbox 177 1358 236 1446; x_wconf 82' lang='grc' dir='ltr'>γὰρ</span> <span class='ocrx_word' id='word_1_60' title='bbox 257 1359 366 1425; x_wconf 91' lang='grc' dir='ltr'><em>πάντα</em></span> <span class='ocrx_word' id='word_1_61' title='bbox 390 1363 496 1440; x_wconf 78' lang='grc' dir='ltr'><em>λέγειν</em></span> <span class='ocrx_word' id='word_1_62' title='bbox 521 1361 690 1428; x_wconf 81' lang='grc' dir='ltr'><em>δοκοῦντες</em></span> <span class='ocrx_word' id='word_1_63' title='bbox 713 1359 768 1420; x_wconf 82' lang='grc' dir='ltr'>καὶ</span> <span class='ocrx_word' id='word_1_64' title='bbox 791 1350 848 1427; x_wconf 87' lang='grc' dir='ltr'>τάς</span> <span class='ocrx_word' id='word_1_65' title='bbox 870 1350 1046 1440; x_wconf 77' lang='grc' dir='ltr'><strong><em>ποιότητας</em></strong></span> <span class='ocrx_word' id='word_1_66' title='bbox 1070 1357 1124 1418; x_wconf 83' lang='grc' dir='ltr'>καὶ</span> <span class='ocrx_word' id='word_1_67' title='bbox 1154 1349 1213 1440; x_wconf 77' lang='grc' dir='ltr'>τὴν</span> <span class='ocrx_word' id='word_1_68' title='bbox 1244 1351 1351 1439; x_wconf 79' lang='grc' dir='ltr'><em>ψυχήν</em></span> 
     </span>
     <span class='ocr_line' id='line_1_9' title="bbox 176 1465 1350 1549; baseline -0.004 -17"><span class='ocrx_word' id='word_1_69' title='bbox 176 1497 204 1535; x_wconf 86' lang='grc' dir='ltr'>κ.</span> <span class='ocrx_word' id='word_1_70' title='bbox 221 1495 247 1535; x_wconf 92' lang='grc' dir='ltr'>τ,</span> <span class='ocrx_word' id='word_1_71' title='bbox 264 1469 291 1535; x_wconf 84' lang='lat' dir='ltr'>t.</span> <span class='ocrx_word' id='word_1_72' title='bbox 322 1473 396 1546; x_wconf 78' lang='lat'>&lt;123</span> <span class='ocrx_word' id='word_1_73' title='bbox 428 1489 456 1546; x_wconf 87' lang='lat' dir='ltr'>p.</span> <span class='ocrx_word' id='word_1_74' title='bbox 486 1466 582 1549; x_wconf 79' lang='lat'><strong>12.).“</strong></span> <span class='ocrx_word' id='word_1_75' title='bbox 609 1468 763 1533; x_wconf 86' lang='lat' dir='ltr'>Ceterum</span> <span class='ocrx_word' id='word_1_76' title='bbox 802 1469 891 1531; x_wconf 90' lang='lat' dir='ltr'>inter</span> <span class='ocrx_word' id='word_1_77' title='bbox 930 1466 1044 1529; x_wconf 90' lang='lat' dir='ltr'>rudem</span> <span class='ocrx_word' id='word_1_78' title='bbox 1084 1465 1350 1543; x_wconf 81' lang='lat' dir='ltr'>indigestamque</span> 
     </span>
     <span class='ocr_line' id='line_1_10' title="bbox 123 1573 1349 1656; baseline -0.005 -14"><span class='ocrx_word' id='word_1_79' title='bbox 123 1603 124 1606; x_wconf 42' lang='lat'>¹</span> <span class='ocrx_word' id='word_1_80' title='bbox 177 1580 361 1656; x_wconf 72' lang='lat' dir='ltr'>materiam,</span> <span class='ocrx_word' id='word_1_81' title='bbox 409 1575 493 1639; x_wconf 91' lang='lat' dir='ltr'>uude</span> <span class='ocrx_word' id='word_1_82' title='bbox 542 1575 680 1639; x_wconf 89' lang='lat' dir='ltr'>mundus</span> <span class='ocrx_word' id='word_1_83' title='bbox 727 1574 901 1653; x_wconf 80' lang='lat' dir='ltr'>formatur,</span> <span class='ocrx_word' id='word_1_84' title='bbox 950 1580 984 1636; x_wconf 91' lang='lat' dir='ltr'>et</span> <span class='ocrx_word' id='word_1_85' title='bbox 1021 1573 1202 1650; x_wconf 90' lang='lat' dir='ltr'>potentiam</span> <span class='ocrx_word' id='word_1_86' title='bbox 1240 1574 1349 1636; x_wconf 91' lang='lat' dir='ltr'>omnia</span> 
     </span>
     <span class='ocr_line' id='line_1_11' title="bbox 177 1679 1350 1761; baseline -0.007 -11"><span class='ocrx_word' id='word_1_87' title='bbox 177 1695 360 1750; x_wconf 82' lang='lat' dir='ltr'>moventem</span> <span class='ocrx_word' id='word_1_88' title='bbox 394 1683 647 1761; x_wconf 86' lang='lat' dir='ltr'>fingentemqne,</span> <span class='ocrx_word' id='word_1_89' title='bbox 678 1699 782 1759; x_wconf 92' lang='lat' dir='ltr'>aeque</span> <span class='ocrx_word' id='word_1_90' title='bbox 816 1681 948 1745; x_wconf 88' lang='lat' dir='ltr'>seilicet</span> <span class='ocrx_word' id='word_1_91' title='bbox 980 1679 1197 1757; x_wconf 82' lang='lat' dir='ltr'>corporalem,</span> <span class='ocrx_word' id='word_1_92' title='bbox 1222 1681 1350 1743; x_wconf 88' lang='lat' dir='ltr'>aeriter</span> 
     </span>
     <span class='ocr_line' id='line_1_12' title="bbox 177 1765 1349 1870; baseline -0.009 -15"><span class='ocrx_word' id='word_1_93' title='bbox 177 1792 388 1870; x_wconf 87' lang='lat' dir='ltr'>distinguunt</span> <span class='ocrx_word' id='word_1_94' title='bbox 412 1791 534 1854; x_wconf 77' lang='lat' dir='ltr'>Stoici:</span> <span class='ocrx_word' id='word_1_95' title='bbox 581 1782 638 1868; x_wconf 68' lang='lat' dir='ltr'>„ro‘</span> <span class='ocrx_word' id='word_1_96' title='bbox 675 1785 738 1865; x_wconf 82' lang='grc' dir='ltr'>μὲν</span> <span class='ocrx_word' id='word_1_97' title='bbox 773 1765 831 1847; x_wconf 73' lang='grc' dir='ltr'>οὖν</span> <span class='ocrx_word' id='word_1_98' title='bbox 867 1781 996 1862; x_wconf 80' lang='grc' dir='ltr'><em>πάσχον</em></span> <span class='ocrx_word' id='word_1_99' title='bbox 1031 1775 1117 1847; x_wconf 78' lang='grc' dir='ltr'><em>εἶναι</em></span> <span class='ocrx_word' id='word_1_100' title='bbox 1141 1779 1200 1868; x_wconf 80' lang='grc' dir='ltr'>τὴν</span> <span class='ocrx_word' id='word_1_101' title='bbox 1224 1780 1349 1847; x_wconf 78' lang='grc' dir='ltr'><em>ἄποιον</em></span> 
     </span>
     <span class='ocr_line' id='line_1_13' title="bbox 139 1876 1351 1986; baseline -0.004 -29"><span class='ocrx_word' id='word_1_102' title='bbox 139 1881 140 1884; x_wconf 21' lang='lat'>¹</span> <span class='ocrx_word' id='word_1_103' title='bbox 177 1888 291 1959; x_wconf 75' lang='grc' dir='ltr'><em>οὐσίαν</em></span> <span class='ocrx_word' id='word_1_104' title='bbox 320 1889 378 1979; x_wconf 74' lang='grc' dir='ltr'>τὴν</span> <span class='ocrx_word' id='word_1_105' title='bbox 410 1887 496 1979; x_wconf 70' lang='grc' dir='ltr'><em>ὕλην</em></span> <span class='ocrx_word' id='word_1_106' title='bbox 527 1889 564 1986; x_wconf 75' lang='grc' dir='ltr'>τῤ</span> <span class='ocrx_word' id='word_1_107' title='bbox 595 1893 629 1956; x_wconf 77' lang='grc' dir='ltr'>δὲ</span> <span class='ocrx_word' id='word_1_108' title='bbox 658 1894 780 1955; x_wconf 85' lang='grc' dir='ltr'><em>ποιοῦν</em></span> <span class='ocrx_word' id='word_1_109' title='bbox 807 1886 865 1954; x_wconf 83' lang='grc' dir='ltr'>τὸν</span> <span class='ocrx_word' id='word_1_110' title='bbox 894 1888 928 1954; x_wconf 84' lang='grc' dir='ltr'>ἐν</span> <span class='ocrx_word' id='word_1_111' title='bbox 952 1876 1035 1978; x_wconf 62' lang='lat' dir='ltr'>adef]</span> <span class='ocrx_word' id='word_1_112' title='bbox 1066 1887 1162 1969; x_wconf 79' lang='grc' dir='ltr'><em>λόγον</em></span> <span class='ocrx_word' id='word_1_113' title='bbox 1186 1887 1244 1954; x_wconf 80' lang='grc' dir='ltr'>τὸν</span> <span class='ocrx_word' id='word_1_114' title='bbox 1268 1888 1351 1954; x_wconf 69' lang='grc' dir='ltr'><em>θεάν</em></span> 
     </span>
     <span class='ocr_line' id='line_1_14' title="bbox 176 2001 1349 2082; baseline -0.004 -14"><span class='ocrx_word' id='word_1_115' title='bbox 176 2007 288 2082; x_wconf 87' lang='lat' dir='ltr'>(Diog.</span> <span class='ocrx_word' id='word_1_116' title='bbox 318 2005 653 2082; x_wconf 83' lang='lat' dir='ltr'>Lae1·t.Vll,134).“</span> <span class='ocrx_word' id='word_1_117' title='bbox 703 2007 748 2066; x_wconf 89' lang='lat' dir='ltr'>At</span> <span class='ocrx_word' id='word_1_118' title='bbox 783 2003 858 2079; x_wconf 86' lang='lat' dir='ltr'>ipsa</span> <span class='ocrx_word' id='word_1_119' title='bbox 891 2019 1002 2064; x_wconf 90' lang='lat' dir='ltr'>rerum</span> <span class='ocrx_word' id='word_1_120' title='bbox 1039 2001 1207 2078; x_wconf 85' lang='lat' dir='ltr'>principia</span> <span class='ocrx_word' id='word_1_121' title='bbox 1241 2019 1349 2064; x_wconf 91' lang='lat' dir='ltr'>nonne</span> 
     </span>
     <span class='ocr_line' id='line_1_15' title="bbox 178 2107 1348 2189; baseline -0.004 -14"><span class='ocrx_word' id='word_1_122' title='bbox 178 2112 406 2189; x_wconf 89' lang='lat' dir='ltr'>incorporalia</span> <span class='ocrx_word' id='word_1_123' title='bbox 437 2109 625 2175; x_wconf 78' lang='lat' dir='ltr'>vocantur?</span> <span class='ocrx_word' id='word_1_124' title='bbox 665 2109 835 2187; x_wconf 83' lang='lat' dir='ltr'>Diogenes</span> <span class='ocrx_word' id='word_1_125' title='bbox 871 2109 1028 2173; x_wconf 87' lang='lat' dir='ltr'>Laertius</span> <span class='ocrx_word' id='word_1_126' title='bbox 1066 2109 1150 2171; x_wconf 91' lang='lat' dir='ltr'>enim</span> <span class='ocrx_word' id='word_1_127' title='bbox 1177 2109 1210 2171; x_wconf 91' lang='lat' dir='ltr'>in</span> <span class='ocrx_word' id='word_1_128' title='bbox 1235 2107 1348 2171; x_wconf 86' lang='lat' dir='ltr'>eodem</span> 
     </span>
     <span class='ocr_line' id='line_1_16' title="bbox 177 2215 1348 2298; baseline -0.002 -16"><span class='ocrx_word' id='word_1_129' title='bbox 177 2219 265 2282; x_wconf 93' lang='lat' dir='ltr'>libro</span> <span class='ocrx_word' id='word_1_130' title='bbox 285 2219 373 2298; x_wconf 88' lang='lat' dir='ltr'>(Vll,</span> <span class='ocrx_word' id='word_1_131' title='bbox 389 2217 466 2295; x_wconf 85' lang='lat'>134)</span> <span class='ocrx_word' id='word_1_132' title='bbox 496 2218 582 2279; x_wconf 87' lang='lat' dir='ltr'>hunc</span> <span class='ocrx_word' id='word_1_133' title='bbox 616 2217 721 2279; x_wconf 90' lang='lat' dir='ltr'>locum</span> <span class='ocrx_word' id='word_1_134' title='bbox 754 2233 795 2278; x_wconf 87' lang='lat' dir='ltr'>ex</span> <span class='ocrx_word' id='word_1_135' title='bbox 826 2215 942 2280; x_wconf 84' lang='lat' dir='ltr'>Cobeti</span> <span class='ocrx_word' id='word_1_136' title='bbox 974 2215 1169 2278; x_wconf 86' lang='lat' dir='ltr'>recensione</span> <span class='ocrx_word' id='word_1_137' title='bbox 1193 2215 1348 2292; x_wconf 89' lang='lat' dir='ltr'>praebet:</span> 
     </span>
     <span class='ocr_line' id='line_1_17' title="bbox 178 2311 1350 2406; baseline -0.003 -21"><span class='ocrx_word' id='word_1_138' title='bbox 178 2327 378 2406; x_wconf 74' lang='lat' dir='ltr'>„Atucpe‘peao</span> <span class='ocrx_word' id='word_1_139' title='bbox 409 2323 446 2384; x_wconf 79' lang='grc' dir='ltr'>δέ</span> <span class='ocrx_word' id='word_1_140' title='bbox 474 2340 573 2401; x_wconf 84' lang='grc' dir='ltr'><em>φασιν</em></span> <span class='ocrx_word' id='word_1_141' title='bbox 604 2313 706 2405; x_wconf 80' lang='grc' dir='ltr'><em>ἀρχὰς</em></span> <span class='ocrx_word' id='word_1_142' title='bbox 740 2321 794 2383; x_wconf 78' lang='grc' dir='ltr'>καὶ</span> <span class='ocrx_word' id='word_1_143' title='bbox 822 2327 972 2399; x_wconf 79' lang='grc' dir='ltr'><em>στοιχεῖα·</em></span> <span class='ocrx_word' id='word_1_144' title='bbox 1006 2315 1063 2390; x_wconf 80' lang='grc' dir='ltr'>τὰς</span> <span class='ocrx_word' id='word_1_145' title='bbox 1097 2319 1157 2399; x_wconf 76' lang='grc' dir='ltr'>μὲν</span> <span class='ocrx_word' id='word_1_146' title='bbox 1182 2315 1241 2401; x_wconf 81' lang='grc' dir='ltr'>γὰρ</span> <span class='ocrx_word' id='word_1_147' title='bbox 1266 2311 1350 2388; x_wconf 79' lang='grc' dir='ltr'><em>εἶναι</em></span> 
     </span>
     <span class='ocr_line' id='line_1_18' title="bbox 177 2420 1350 2514; baseline -0.003 -22"><span class='ocrx_word' id='word_1_148' title='bbox 177 2422 352 2514; x_wconf 74' lang='grc' dir='ltr'><em>ἀγενήτους</em></span> <span class='ocrx_word' id='word_1_149' title='bbox 380 2431 436 2490; x_wconf 82' lang='grc' dir='ltr'>καὶ</span> <span class='ocrx_word' id='word_1_150' title='bbox 459 2420 660 2511; x_wconf 70' lang='grc' dir='ltr'><em>ἀφθάρτους,</em></span> <span class='ocrx_word' id='word_1_151' title='bbox 692 2424 732 2491; x_wconf 81' lang='grc' dir='ltr'>τά</span> <span class='ocrx_word' id='word_1_152' title='bbox 758 2428 793 2491; x_wconf 77' lang='grc' dir='ltr'>δὲ</span> <span class='ocrx_word' id='word_1_153' title='bbox 817 2435 959 2507; x_wconf 77' lang='grc' dir='ltr'><em>στοιχεῖα</em></span> <span class='ocrx_word' id='word_1_154' title='bbox 983 2421 1066 2490; x_wconf 81' lang='grc' dir='ltr'><em>κατὰ</em></span> <span class='ocrx_word' id='word_1_155' title='bbox 1090 2425 1149 2512; x_wconf 77' lang='grc' dir='ltr'>τὴν</span> <span class='ocrx_word' id='word_1_156' title='bbox 1166 2423 1350 2508; x_wconf 80' lang='grc' dir='ltr'><em>ἐκπάρωσον</em></span> 
     </span>
     <span class='ocr_line' id='line_1_19' title="bbox 175 2526 1349 2620; baseline -0.003 -21"><span class='ocrx_word' id='word_1_157' title='bbox 175 2540 390 2620; x_wconf 73' lang='grc' dir='ltr'><em>φθείρεσθαι.</em></span> <span class='ocrx_word' id='word_1_158' title='bbox 417 2526 501 2600; x_wconf 80' lang='grc' dir='ltr'><em>Ἀλλὰ</em></span> <span class='ocrx_word' id='word_1_159' title='bbox 520 2537 575 2598; x_wconf 79' lang='grc' dir='ltr'>καὶ</span> <span class='ocrx_word' id='word_1_160' title='bbox 591 2531 781 2615; x_wconf 74' lang='grc' dir='ltr'><em>ἀσωμάτους</em></span> <span class='ocrx_word' id='word_1_161' title='bbox 798 2527 883 2598; x_wconf 79' lang='grc' dir='ltr'><em>εἶναι</em></span> <span class='ocrx_word' id='word_1_162' title='bbox 902 2531 959 2606; x_wconf 78' lang='grc' dir='ltr'>τὰς</span> <span class='ocrx_word' id='word_1_163' title='bbox 975 2530 1075 2617; x_wconf 79' lang='grc' dir='ltr'><em>ἀρχάς</em></span> <span class='ocrx_word' id='word_1_164' title='bbox 1091 2536 1145 2597; x_wconf 82' lang='grc' dir='ltr'>καὶ</span> <span class='ocrx_word' id='word_1_165' title='bbox 1169 2527 1349 2617; x_wconf 76' lang='grc' dir='ltr'><em>ἀμόρφους,</em></span> 
     </span>
     <span class='ocr_line' id='line_1_20' title="bbox 174 2639 1349 2726; baseline -0.001 -19"><span class='ocrx_word' id='word_1_166' title='bbox 174 2639 213 2708; x_wconf 84' lang='grc' dir='ltr'>τά</span> <span class='ocrx_word' id='word_1_167' title='bbox 239 2643 274 2707; x_wconf 80' lang='grc' dir='ltr'>δὲ</span> <span class='ocrx_word' id='word_1_168' title='bbox 299 2645 572 2726; x_wconf 74' lang='grc' dir='ltr'><em>μεμορφωσθατ.“</em></span> <span class='ocrx_word' id='word_1_169' title='bbox 595 2647 717 2709; x_wconf 86' lang='lat' dir='ltr'>Verum</span> <span class='ocrx_word' id='word_1_170' title='bbox 743 2646 914 2726; x_wconf 87' lang='lat' dir='ltr'>inspicias,</span> <span class='ocrx_word' id='word_1_171' title='bbox 941 2663 1074 2724; x_wconf 87' lang='lat' dir='ltr'>quaeso,</span> <span class='ocrx_word' id='word_1_172' title='bbox 1101 2643 1233 2708; x_wconf 82' lang='lat' dir='ltr'>codices</span> <span class='ocrx_word' id='word_1_173' title='bbox 1258 2652 1349 2708; x_wconf 88' lang='lat' dir='ltr'>vete-</span> 
     </span>
     <span class='ocr_line' id='line_1_21' title="bbox 175 2745 1354 2833; baseline -0.003 -16"><span class='ocrx_word' id='word_1_174' title='bbox 175 2772 295 2832; x_wconf 88' lang='lat' dir='ltr'>resque</span> <span class='ocrx_word' id='word_1_175' title='bbox 312 2753 493 2818; x_wconf 86' lang='lat' dir='ltr'>editiones:</span> <span class='ocrx_word' id='word_1_176' title='bbox 521 2771 579 2830; x_wconf 93' lang='lat' dir='ltr'>pro</span> <span class='ocrx_word' id='word_1_177' title='bbox 597 2745 788 2829; x_wconf 82' lang='grc' dir='ltr'><em>ἀσωμάτους</em></span> <span class='ocrx_word' id='word_1_178' title='bbox 803 2753 954 2816; x_wconf 85' lang='lat' dir='ltr'>invenies</span> <span class='ocrx_word' id='word_1_179' title='bbox 970 2747 1114 2830; x_wconf 80' lang='grc' dir='ltr'><em>σώματα.</em></span> <span class='ocrx_word' id='word_1_180' title='bbox 1140 2750 1226 2833; x_wconf 79' lang='lat' dir='ltr'>Quid</span> <span class='ocrx_word' id='word_1_181' title='bbox 1244 2751 1354 2828; x_wconf 87' lang='lat' dir='ltr'>igitur·</span> 
     </span>
     <span class='ocr_line' id='line_1_22' title="bbox 174 2859 1348 2941; baseline -0.003 -16"><span class='ocrx_word' id='word_1_182' title='bbox 174 2861 206 2925; x_wconf 91' lang='lat' dir='ltr'>in</span> <span class='ocrx_word' id='word_1_183' title='bbox 244 2879 343 2925; x_wconf 90' lang='lat' dir='ltr'>eausa</span> <span class='ocrx_word' id='word_1_184' title='bbox 378 2860 453 2941; x_wconf 85' lang='lat' dir='ltr'>fuit,</span> <span class='ocrx_word' id='word_1_185' title='bbox 491 2878 551 2924; x_wconf 88' lang='lat' dir='ltr'>cur</span> <span class='ocrx_word' id='word_1_186' title='bbox 586 2859 800 2924; x_wconf 82' lang='lat' dir='ltr'>mutaretur?</span> <span class='ocrx_word' id='word_1_187' title='bbox 847 2859 969 2924; x_wconf 83' lang='lat' dir='ltr'>Suidae</span> <span class='ocrx_word' id='word_1_188' title='bbox 1006 2866 1040 2923; x_wconf 90' lang='lat' dir='ltr'>et</span> <span class='ocrx_word' id='word_1_189' title='bbox 1074 2860 1123 2924; x_wconf 84' lang='lat' dir='ltr'>Js.</span> <span class='ocrx_word' id='word_1_190' title='bbox 1161 2859 1348 2923; x_wconf 80' lang='lat' dir='ltr'>Oasauboni</span> 
     </span>
     <span class='ocr_line' id='line_1_23' title="bbox 176 2957 1348 3048; baseline -0.003 -17"><span class='ocrx_word' id='word_1_191' title='bbox 176 2969 371 3033; x_wconf 86' lang='lat' dir='ltr'>auctoritas.</span> <span class='ocrx_word' id='word_1_192' title='bbox 419 2967 482 3032; x_wconf 91' lang='lat' dir='ltr'>Ille</span> <span class='ocrx_word' id='word_1_193' title='bbox 521 2967 605 3031; x_wconf 89' lang='lat' dir='ltr'>enim</span> <span class='ocrx_word' id='word_1_194' title='bbox 648 2969 707 3032; x_wconf 90' lang='lat' dir='ltr'>sub</span> <span class='ocrx_word' id='word_1_195' title='bbox 747 2957 833 3048; x_wconf 78' lang='grc' dir='ltr'><em>ἀρχά</em></span> <span class='ocrx_word' id='word_1_196' title='bbox 871 2966 1006 3031; x_wconf 91' lang='lat' dir='ltr'>eundem</span> <span class='ocrx_word' id='word_1_197' title='bbox 1048 2984 1141 3045; x_wconf 94' lang='lat' dir='ltr'>qnem</span> <span class='ocrx_word' id='word_1_198' title='bbox 1179 2966 1348 3045; x_wconf 85' lang='lat' dir='ltr'>Diogenes</span> 
     </span>
     <span class='ocr_line' id='line_1_24' title="bbox 179 3069 1348 3156; baseline 0 -20"><span class='ocrx_word' id='word_1_199' title='bbox 179 3074 284 3138; x_wconf 88' lang='lat' dir='ltr'>locum</span> <span class='ocrx_word' id='word_1_200' title='bbox 309 3074 449 3156; x_wconf 79' lang='lat' dir='ltr'>profert,</span> <span class='ocrx_word' id='word_1_201' title='bbox 481 3074 545 3138; x_wconf 89' lang='lat' dir='ltr'>nisi</span> <span class='ocrx_word' id='word_1_202' title='bbox 578 3074 665 3153; x_wconf 91' lang='lat' dir='ltr'>quod</span> <span class='ocrx_word' id='word_1_203' title='bbox 697 3069 841 3152; x_wconf 77' lang='grc' dir='ltr'><em>σώματα,</em></span> <span class='ocrx_word' id='word_1_204' title='bbox 867 3073 1033 3152; x_wconf 77' lang='lat' dir='ltr'>quod&#39;hic</span> <span class='ocrx_word' id='word_1_205' title='bbox 1058 3073 1190 3138; x_wconf 85' lang='lat' dir='ltr'>codices</span> <span class='ocrx_word' id='word_1_206' title='bbox 1215 3074 1348 3150; x_wconf 90' lang='lat' dir='ltr'>habent,</span> 
     </span>
     <span class='ocr_line' id='line_1_25' title="bbox 176 3173 1349 3262; baseline -0.001 -18"><span class='ocrx_word' id='word_1_207' title='bbox 176 3181 209 3244; x_wconf 94' lang='lat' dir='ltr'>in</span> <span class='ocrx_word' id='word_1_208' title='bbox 235 3173 425 3258; x_wconf 79' lang='grc' dir='ltr'><em>ἀσωμάτους</em></span> <span class='ocrx_word' id='word_1_209' title='bbox 448 3181 599 3249; x_wconf 86' lang='lat' dir='ltr'>mutavit.</span> <span class='ocrx_word' id='word_1_210' title='bbox 647 3179 771 3262; x_wconf 75' lang='lat' dir='ltr'>Quodsi</span> <span class='ocrx_word' id='word_1_211' title='bbox 804 3180 923 3246; x_wconf 80' lang='lat' dir='ltr'>Suidas</span> <span class='ocrx_word' id='word_1_212' title='bbox 956 3181 1137 3260; x_wconf 79' lang='lat' dir='ltr'>Diogenem</span> <span class='ocrx_word' id='word_1_213' title='bbox 1169 3180 1349 3257; x_wconf 84' lang='lat' dir='ltr'>exscripsit</span> 
     </span>
     <span class='ocr_line' id='line_1_26' title="bbox 176 3287 1347 3369; baseline -0.001 -19"><span class='ocrx_word' id='word_1_214' title='bbox 176 3287 231 3366; x_wconf 85' lang='lat' dir='ltr'>(ef.</span> <span class='ocrx_word' id='word_1_215' title='bbox 259 3287 412 3352; x_wconf 90' lang='lat' dir='ltr'>Walther</span> <span class='ocrx_word' id='word_1_216' title='bbox 447 3290 650 3352; x_wconf 82' lang='lat' dir='ltr'>Volkmann:</span> <span class='ocrx_word' id='word_1_217' title='bbox 688 3287 927 3369; x_wconf 78' lang='lat' dir='ltr'>Quaestionum</span> <span class='ocrx_word' id='word_1_218' title='bbox 964 3288 1003 3351; x_wconf 80' lang='lat' dir='ltr'>d&#39;e</span> <span class='ocrx_word' id='word_1_219' title='bbox 1035 3287 1185 3366; x_wconf 85' lang='lat' dir='ltr'>Diogene</span> <span class='ocrx_word' id='word_1_220' title='bbox 1211 3287 1347 3350; x_wconf 87' lang='lat' dir='ltr'>Laertio</span> 
     </span>
     <span class='ocr_line' id='line_1_27' title="bbox 175 3393 1348 3474; baseline -0.001 -16"><span class='ocrx_word' id='word_1_221' title='bbox 175 3393 281 3472; x_wconf 85' lang='lat' dir='ltr'>eapl</span> <span class='ocrx_word' id='word_1_222' title='bbox 307 3400 392 3458; x_wconf 81' lang='lat'>1890</span> <span class='ocrx_word' id='word_1_223' title='bbox 417 3398 557 3474; x_wconf 85' lang='lat' dir='ltr'>p.9sq.)</span> <span class='ocrx_word' id='word_1_224' title='bbox 591 3414 651 3460; x_wconf 92' lang='lat' dir='ltr'>suo</span> <span class='ocrx_word' id='word_1_225' title='bbox 688 3397 854 3459; x_wconf 89' lang='lat' dir='ltr'>arbitratu</span> <span class='ocrx_word' id='word_1_226' title='bbox 894 3395 1028 3460; x_wconf 88' lang='lat' dir='ltr'>verbum</span> <span class='ocrx_word' id='word_1_227' title='bbox 1066 3395 1274 3473; x_wconf 86' lang='lat' dir='ltr'>depravavit,</span> <span class='ocrx_word' id='word_1_228' title='bbox 1311 3401 1348 3457; x_wconf 92' lang='lat' dir='ltr'>ut</span> 
     </span>
     <span class='ocr_line' id='line_1_28' title="bbox 176 3501 1347 3582; baseline -0.003 -16"><span class='ocrx_word' id='word_1_229' title='bbox 176 3520 358 3567; x_wconf 88' lang='lat' dir='ltr'>sermonem</span> <span class='ocrx_word' id='word_1_230' title='bbox 386 3503 630 3566; x_wconf 79' lang='lat' dir='ltr'>concinniorem</span> <span class='ocrx_word' id='word_1_231' title='bbox 655 3502 828 3581; x_wconf 82' lang='lat' dir='ltr'>redderet3</span> <span class='ocrx_word' id='word_1_232' title='bbox 854 3503 905 3566; x_wconf 89' lang='lat' dir='ltr'>sin</span> <span class='ocrx_word' id='word_1_233' title='bbox 931 3503 1048 3582; x_wconf 91' lang='lat' dir='ltr'>minus,</span> <span class='ocrx_word' id='word_1_234' title='bbox 1074 3521 1115 3565; x_wconf 87' lang='lat' dir='ltr'>ex</span> <span class='ocrx_word' id='word_1_235' title='bbox 1139 3501 1251 3576; x_wconf 86' lang='lat' dir='ltr'>eodem</span> <span class='ocrx_word' id='word_1_236' title='bbox 1283 3519 1347 3579; x_wconf 94' lang='lat' dir='ltr'>quo</span> 
     </span>
     <span class='ocr_line' id='line_1_29' title="bbox 176 3608 1347 3685; baseline -0.001 -12"><span class='ocrx_word' id='word_1_237' title='bbox 176 3610 344 3685; x_wconf 83' lang='lat' dir='ltr'>Diogenes</span> <span class='ocrx_word' id='word_1_238' title='bbox 384 3609 475 3674; x_wconf 86' lang='lat' dir='ltr'>fonte</span> <span class='ocrx_word' id='word_1_239' title='bbox 510 3611 639 3680; x_wconf 88' lang='lat' dir='ltr'>hausit:</span> <span class='ocrx_word' id='word_1_240' title='bbox 675 3610 767 3673; x_wconf 92' lang='lat' dir='ltr'>nnllo</span> <span class='ocrx_word' id='word_1_241' title='bbox 803 3617 911 3673; x_wconf 87' lang='lat' dir='ltr'>autem</span> <span class='ocrx_word' id='word_1_242' title='bbox 949 3609 1043 3672; x_wconf 89' lang='lat' dir='ltr'>modo</span> <span class='ocrx_word' id='word_1_243' title='bbox 1079 3617 1172 3673; x_wconf 87' lang='lat' dir='ltr'>certa</span> <span class='ocrx_word' id='word_1_244' title='bbox 1208 3608 1347 3673; x_wconf 88' lang='lat' dir='ltr'>incertis</span> 
     </span>
     <span class='ocr_line' id='line_1_30' title="bbox 174 3715 1347 3797; baseline 0 -19"><span class='ocrx_word' id='word_1_245' title='bbox 174 3726 377 3794; x_wconf 85' lang='lat' dir='ltr'>postponere</span> <span class='ocrx_word' id='word_1_246' title='bbox 402 3717 489 3784; x_wconf 85' lang='lat' dir='ltr'>licet.</span> <span class='ocrx_word' id='word_1_247' title='bbox 538 3716 670 3782; x_wconf 84' lang='lat' dir='ltr'>Suidam</span> <span class='ocrx_word' id='word_1_248' title='bbox 711 3724 827 3794; x_wconf 90' lang='lat' dir='ltr'>postea</span> <span class='ocrx_word' id='word_1_249' title='bbox 863 3716 1077 3780; x_wconf 71' lang='lat' dir='ltr'>casaubonus</span> <span class='ocrx_word' id='word_1_250' title='bbox 1113 3716 1146 3779; x_wconf 92' lang='lat' dir='ltr'>in</span> <span class='ocrx_word' id='word_1_251' title='bbox 1179 3715 1347 3797; x_wconf 90' lang='lat' dir='ltr'>editionis,</span> 
     </span>
     <span class='ocr_line' id='line_1_31' title="bbox 176 3822 1347 3900; baseline 0 -14"><span class='ocrx_word' id='word_1_252' title='bbox 176 3841 269 3900; x_wconf 91' lang='lat' dir='ltr'>quam</span> <span class='ocrx_word' id='word_1_253' title='bbox 304 3825 503 3888; x_wconf 90' lang='lat' dir='ltr'>Meibomius</span> <span class='ocrx_word' id='word_1_254' title='bbox 536 3825 669 3887; x_wconf 85' lang='lat' dir='ltr'>curavit</span> <span class='ocrx_word' id='word_1_255' title='bbox 698 3822 918 3900; x_wconf 87' lang='lat' dir='ltr'>(Amsterdam</span> <span class='ocrx_word' id='word_1_256' title='bbox 946 3828 1044 3896; x_wconf 81' lang='lat'>1692)</span> <span class='ocrx_word' id='word_1_257' title='bbox 1076 3823 1347 3886; x_wconf 90' lang='lat' dir='ltr'>annotationibus</span> 
     </span>
     <span class='ocr_line' id='line_1_32' title="bbox 176 3930 1346 4011; baseline 0.002 -21"><span class='ocrx_word' id='word_1_258' title='bbox 176 3939 309 3994; x_wconf 86' lang='lat' dir='ltr'>secutus</span> <span class='ocrx_word' id='word_1_259' title='bbox 334 3939 395 4011; x_wconf 87' lang='lat' dir='ltr'>est,</span> <span class='ocrx_word' id='word_1_260' title='bbox 413 3940 549 4008; x_wconf 89' lang='lat' dir='ltr'>praeter</span> <span class='ocrx_word' id='word_1_261' title='bbox 565 3931 658 3994; x_wconf 95' lang='lat' dir='ltr'>illum</span> <span class='ocrx_word' id='word_1_262' title='bbox 676 3939 796 3995; x_wconf 90' lang='lat' dir='ltr'>testem</span> <span class='ocrx_word' id='word_1_263' title='bbox 814 3949 882 3994; x_wconf 93' lang='lat' dir='ltr'>rem</span> <span class='ocrx_word' id='word_1_264' title='bbox 901 3932 1007 4008; x_wconf 89' lang='lat' dir='ltr'>ipsam</span> <span class='ocrx_word' id='word_1_265' title='bbox 1030 3933 1113 3994; x_wconf 90' lang='lat' dir='ltr'>hane</span> <span class='ocrx_word' id='word_1_266' title='bbox 1129 3930 1346 3995; x_wconf 90' lang='lat' dir='ltr'>mutationem</span> 
     </span>
     <span class='ocr_line' id='line_1_33' title="bbox 177 4035 1344 4116; baseline 0.001 -18"><span class='ocrx_word' id='word_1_267' title='bbox 177 4035 366 4102; x_wconf 89' lang='lat' dir='ltr'>desiderare</span> <span class='ocrx_word' id='word_1_268' title='bbox 390 4038 577 4116; x_wconf 75' lang='lat' dir='ltr'>affirmans:</span> <span class='ocrx_word' id='word_1_269' title='bbox 610 4037 666 4101; x_wconf 91' lang='lat' dir='ltr'>sed</span> <span class='ocrx_word' id='word_1_270' title='bbox 699 4056 740 4101; x_wconf 91' lang='lat' dir='ltr'>ne</span> <span class='ocrx_word' id='word_1_271' title='bbox 765 4038 963 4102; x_wconf 89' lang='lat' dir='ltr'>Meibomius</span> <span class='ocrx_word' id='word_1_272' title='bbox 988 4038 1098 4102; x_wconf 90' lang='lat' dir='ltr'>editor</span> <span class='ocrx_word' id='word_1_273' title='bbox 1123 4037 1253 4116; x_wconf 89' lang='lat' dir='ltr'>quidem</span> <span class='ocrx_word' id='word_1_274' title='bbox 1279 4044 1344 4101; x_wconf 87' lang='lat' dir='ltr'>tam</span> 
     </span>
     <span class='ocr_line' id='line_1_34' title="bbox 175 4142 1346 4224; baseline 0 -18"><span class='ocrx_word' id='word_1_275' title='bbox 175 4142 275 4206; x_wconf 81' lang='lat' dir='ltr'>facile</span> <span class='ocrx_word' id='word_1_276' title='bbox 300 4143 341 4208; x_wconf 92' lang='lat' dir='ltr'>ad</span> <span class='ocrx_word' id='word_1_277' title='bbox 366 4144 563 4208; x_wconf 88' lang='lat' dir='ltr'>credendum</span> <span class='ocrx_word' id='word_1_278' title='bbox 588 4146 715 4223; x_wconf 91' lang='lat' dir='ltr'>impelli</span> <span class='ocrx_word' id='word_1_279' title='bbox 739 4146 867 4224; x_wconf 72' lang='lat' dir='ltr'>potuit:</span> <span class='ocrx_word' id='word_1_280' title='bbox 892 4145 1018 4223; x_wconf 90' lang='lat' dir='ltr'>primus</span> <span class='ocrx_word' id='word_1_281' title='bbox 1043 4145 1188 4209; x_wconf 82' lang='lat' dir='ltr'>Cobetns</span> <span class='ocrx_word' id='word_1_282' title='bbox 1219 4151 1346 4207; x_wconf 90' lang='lat' dir='ltr'>mutare</span> 
     </span>
     <span class='ocr_line' id='line_1_35' title="bbox 175 4249 1345 4331; baseline 0 -17"><span class='ocrx_word' id='word_1_283' title='bbox 175 4269 276 4315; x_wconf 91' lang='lat' dir='ltr'>ausus</span> <span class='ocrx_word' id='word_1_284' title='bbox 294 4260 354 4331; x_wconf 84' lang='lat' dir='ltr'>est,</span> <span class='ocrx_word' id='word_1_285' title='bbox 374 4270 546 4330; x_wconf 89' lang='lat' dir='ltr'>perperam</span> <span class='ocrx_word' id='word_1_286' title='bbox 565 4271 658 4316; x_wconf 91' lang='lat' dir='ltr'>sane:</span> <span class='ocrx_word' id='word_1_287' title='bbox 677 4253 792 4330; x_wconf 91' lang='lat' dir='ltr'>utique</span> <span class='ocrx_word' id='word_1_288' title='bbox 810 4252 851 4316; x_wconf 92' lang='lat' dir='ltr'>ad</span> <span class='ocrx_word' id='word_1_289' title='bbox 868 4251 1014 4315; x_wconf 85' lang='lat' dir='ltr'>codicum</span> <span class='ocrx_word' id='word_1_290' title='bbox 1032 4250 1126 4314; x_wconf 89' lang='lat' dir='ltr'>fidem</span> <span class='ocrx_word' id='word_1_291' title='bbox 1145 4249 1345 4314; x_wconf 90' lang='lat' dir='ltr'>redeundum</span> 
     </span>
     <span class='ocr_line' id='line_1_36' title="bbox 176 4352 1346 4438; baseline -0.002 -16"><span class='ocrx_word' id='word_1_292' title='bbox 176 4367 210 4422; x_wconf 92' lang='lat' dir='ltr'>et</span> <span class='ocrx_word' id='word_1_293' title='bbox 244 4352 377 4438; x_wconf 75' lang='grc' dir='ltr'><em>σώματα</em></span> <span class='ocrx_word' id='word_1_294' title='bbox 411 4359 655 4424; x_wconf 90' lang='lat' dir='ltr'>restituendum</span> <span class='ocrx_word' id='word_1_295' title='bbox 692 4377 765 4424; x_wconf 88' lang='lat' dir='ltr'>esse</span> <span class='ocrx_word' id='word_1_296' title='bbox 802 4359 999 4437; x_wconf 88' lang='lat' dir='ltr'>putaverim.</span> <span class='ocrx_word' id='word_1_297' title='bbox 1045 4357 1166 4422; x_wconf 87' lang='lat' dir='ltr'>Restat</span> <span class='ocrx_word' id='word_1_298' title='bbox 1190 4355 1346 4436; x_wconf 86' lang='lat' dir='ltr'>Origenis</span> 
     </span>
    </p>
   </div>
   <div class='ocr_carea' id='block_1_2' title="bbox 0 0 1616 4964">
    <p class='ocr_par' dir='ltr' id='par_1_2' title="bbox 0 0 1616 4964">
     <span class='ocr_line' id='line_1_37' title="bbox 0 0 1616 4964; baseline 0 0"><span class='ocrx_word' id='word_1_299' title='bbox 0 0 1616 4964; x_wconf 95' lang='lat' dir='ltr'> </span> 
     </span>
    </p>
   </div>
  </div>
 </body>
</html>
