<?xml version="1.0" encoding="UTF-8"?>
<!DOCTYPE html PUBLIC "-//W3C//DTD XHTML 1.0 Transitional//EN"
    "http://www.w3.org/TR/xhtml1/DTD/xhtml1-transitional.dtd">
<html xmlns="http://www.w3.org/1999/xhtml" xml:lang="en" lang="en">
 <head>
  <title>
</title>
<meta http-equiv="Content-Type" content="text/html;charset=utf-8" />
  <meta name='ocr-system' content='tesseract 3.04.00' />
  <meta name='ocr-capabilities' content='ocr_page ocr_carea ocr_par ocr_line ocrx_word'/>
</head>
<body>
  <div class='ocr_page' id='page_1' title='image "./dephilosophiaea00spiegoog_0051.png"; bbox 0 0 3224 4964; ppageno 0'>
   <div class='ocr_carea' id='block_1_1' title="bbox 712 436 930 497">
    <p class='ocr_par' dir='ltr' id='par_1_1' title="bbox 712 436 930 497">
     <span class='ocr_line' id='line_1_1' title="bbox 712 436 930 497; baseline 0 -19"><span class='ocrx_word' id='word_1_1' title='bbox 712 436 930 497; x_wconf 68' lang='lat'>..46-</span> 
     </span>
    </p>
   </div>
   <div class='ocr_carea' id='block_1_2' title="bbox 235 628 1410 4461">
    <p class='ocr_par' dir='ltr' id='par_1_2' title="bbox 235 628 1410 4461">
     <span class='ocr_line' id='line_1_2' title="bbox 241 628 1409 708; baseline 0.002 -18"><span class='ocrx_word' id='word_1_2' title='bbox 241 628 413 707; x_wconf 89' lang='lat' dir='ltr'>manicum,</span> <span class='ocrx_word' id='word_1_3' title='bbox 450 636 577 705; x_wconf 90' lang='lat' dir='ltr'>patrem</span> <span class='ocrx_word' id='word_1_4' title='bbox 614 647 729 707; x_wconf 89' lang='lat' dir='ltr'>meum,</span> <span class='ocrx_word' id='word_1_5' title='bbox 766 630 924 692; x_wconf 84' lang='lat' dir='ltr'><strong>minorem</strong></span> <span class='ocrx_word' id='word_1_6' title='bbox 960 635 1051 708; x_wconf 87' lang='lat' dir='ltr'>natu,</span> <span class='ocrx_word' id='word_1_7' title='bbox 1088 647 1183 706; x_wconf 89' lang='lat' dir='ltr'>quam</span> <span class='ocrx_word' id='word_1_8' title='bbox 1219 628 1289 706; x_wconf 88' lang='lat' dir='ltr'>ipse</span> <span class='ocrx_word' id='word_1_9' title='bbox 1326 636 1409 708; x_wconf 88' lang='lat' dir='ltr'>erat,</span> 
     </span>
     <span class='ocr_line' id='line_1_3' title="bbox 240 734 1410 815; baseline 0.001 -18"><span class='ocrx_word' id='word_1_10' title='bbox 240 734 389 815; x_wconf 87' lang='lat' dir='ltr'>fratrem,</span> <span class='ocrx_word' id='word_1_11' title='bbox 414 735 531 798; x_wconf 92' lang='lat' dir='ltr'>intima</span> <span class='ocrx_word' id='word_1_12' title='bbox 557 735 755 800; x_wconf 81' lang='lat' dir='ltr'>Germaniae</span> <span class='ocrx_word' id='word_1_13' title='bbox 780 736 1005 800; x_wconf 81' lang='lat' dir='ltr'>recludentem</span> <span class='ocrx_word' id='word_1_14' title='bbox 1032 743 1065 798; x_wconf 89' lang='lat' dir='ltr'>et</span> <span class='ocrx_word' id='word_1_15' title='bbox 1089 741 1207 814; x_wconf 86' lang='lat' dir='ltr'>gentes</span> <span class='ocrx_word' id='word_1_16' title='bbox 1239 734 1410 798; x_wconf 84' lang='lat' dir='ltr'>ferocissi-</span> 
     </span>
     <span class='ocr_line' id='line_1_4' title="bbox 239 839 1410 924; baseline 0 -20"><span class='ocrx_word' id='word_1_17' title='bbox 239 861 308 905; x_wconf 90' lang='lat' dir='ltr'>mas</span> <span class='ocrx_word' id='word_1_18' title='bbox 332 842 479 905; x_wconf 88' lang='lat' dir='ltr'>Romano</span> <span class='ocrx_word' id='word_1_19' title='bbox 505 842 723 906; x_wconf 75' lang='lat' dir='ltr'>subicientem</span> <span class='ocrx_word' id='word_1_20' title='bbox 749 843 954 920; x_wconf 91' lang='lat' dir='ltr'>imperio</span> <span class='ocrx_word' id='word_1_21' title='bbox 980 841 1112 906; x_wconf 86' lang='lat' dir='ltr'>amisit“</span> <span class='ocrx_word' id='word_1_22' title='bbox 1140 839 1183 924; x_wconf 90' lang='lat' dir='ltr'>(c.</span> <span class='ocrx_word' id='word_1_23' title='bbox 1198 848 1248 921; x_wconf 83' lang='lat'>15,</span> <span class='ocrx_word' id='word_1_24' title='bbox 1263 844 1306 919; x_wconf 80' lang='lat'>5).</span> <span class='ocrx_word' id='word_1_25' title='bbox 1337 841 1410 905; x_wconf 91' lang='lat' dir='ltr'>Non</span> 
     </span>
     <span class='ocr_line' id='line_1_5' title="bbox 240 947 1410 1028; baseline 0 -16"><span class='ocrx_word' id='word_1_26' title='bbox 240 957 300 1028; x_wconf 85' lang='lat' dir='ltr'>est,</span> <span class='ocrx_word' id='word_1_27' title='bbox 327 968 385 1012; x_wconf 87' lang='lat' dir='ltr'>cur</span> <span class='ocrx_word' id='word_1_28' title='bbox 410 949 465 1012; x_wconf 88' lang='lat' dir='ltr'>hic</span> <span class='ocrx_word' id='word_1_29' title='bbox 490 948 529 1013; x_wconf 91' lang='lat' dir='ltr'>de</span> <span class='ocrx_word' id='word_1_30' title='bbox 565 949 760 1014; x_wconf 79' lang='lat' dir='ltr'>sinceritate</span> <span class='ocrx_word' id='word_1_31' title='bbox 793 957 826 1013; x_wconf 88' lang='lat' dir='ltr'>et</span> <span class='ocrx_word' id='word_1_32' title='bbox 850 947 912 1013; x_wconf 91' lang='lat' dir='ltr'>fide</span> <span class='ocrx_word' id='word_1_33' title='bbox 938 949 1082 1014; x_wconf 84' lang='lat' dir='ltr'>Senecae</span> <span class='ocrx_word' id='word_1_34' title='bbox 1108 949 1307 1027; x_wconf 89' lang='lat' dir='ltr'>dubitemus,</span> <span class='ocrx_word' id='word_1_35' title='bbox 1331 948 1410 1012; x_wconf 91' lang='lat' dir='ltr'>licet</span> 
     </span>
     <span class='ocr_line' id='line_1_6' title="bbox 239 1055 1408 1136; baseline -0.002 -16"><span class='ocrx_word' id='word_1_36' title='bbox 239 1055 280 1120; x_wconf 91' lang='lat' dir='ltr'>ad</span> <span class='ocrx_word' id='word_1_37' title='bbox 304 1057 478 1136; x_wconf 87' lang='lat' dir='ltr'>Polybium</span> <span class='ocrx_word' id='word_1_38' title='bbox 503 1057 630 1120; x_wconf 87' lang='lat' dir='ltr'>scribat</span> <span class='ocrx_word' id='word_1_39' title='bbox 654 1065 687 1120; x_wconf 93' lang='lat' dir='ltr'>et</span> <span class='ocrx_word' id='word_1_40' title='bbox 712 1057 857 1135; x_wconf 88' lang='lat' dir='ltr'>principi</span> <span class='ocrx_word' id='word_1_41' title='bbox 882 1055 1083 1120; x_wconf 90' lang='lat' dir='ltr'>blandiatur.</span> <span class='ocrx_word' id='word_1_42' title='bbox 1109 1057 1219 1121; x_wconf 85' lang='lat' dir='ltr'>Etiam</span> <span class='ocrx_word' id='word_1_43' title='bbox 1238 1057 1272 1120; x_wconf 93' lang='lat' dir='ltr'>in</span> <span class='ocrx_word' id='word_1_44' title='bbox 1290 1065 1408 1134; x_wconf 90' lang='lat' dir='ltr'>quarto</span> 
     </span>
     <span class='ocr_line' id='line_1_7' title="bbox 240 1161 1408 1240; baseline 0.001 -15"><span class='ocrx_word' id='word_1_45' title='bbox 240 1161 373 1240; x_wconf 85' lang='lat' dir='ltr'>dialogo</span> <span class='ocrx_word' id='word_1_46' title='bbox 410 1163 523 1227; x_wconf 90' lang='lat' dir='ltr'>brevis</span> <span class='ocrx_word' id='word_1_47' title='bbox 560 1181 671 1227; x_wconf 90' lang='lat' dir='ltr'>earum</span> <span class='ocrx_word' id='word_1_48' title='bbox 708 1181 819 1227; x_wconf 91' lang='lat' dir='ltr'>rerum</span> <span class='ocrx_word' id='word_1_49' title='bbox 856 1163 1049 1227; x_wconf 90' lang='lat' dir='ltr'>bellicarum</span> <span class='ocrx_word' id='word_1_50' title='bbox 1085 1163 1242 1227; x_wconf 89' lang='lat' dir='ltr'>memoria</span> <span class='ocrx_word' id='word_1_51' title='bbox 1267 1163 1408 1227; x_wconf 90' lang='lat' dir='ltr'>animum</span> 
     </span>
     <span class='ocr_line' id='line_1_8' title="bbox 239 1269 1409 1350; baseline 0.002 -19"><span class='ocrx_word' id='word_1_52' title='bbox 239 1270 311 1333; x_wconf 86' lang='lat' dir='ltr'>eius</span> <span class='ocrx_word' id='word_1_53' title='bbox 335 1270 436 1347; x_wconf 89' lang='lat' dir='ltr'>subit,</span> <span class='ocrx_word' id='word_1_54' title='bbox 461 1270 517 1333; x_wconf 85' lang='lat' dir='ltr'>ubi</span> <span class='ocrx_word' id='word_1_55' title='bbox 534 1270 655 1348; x_wconf 96' lang='lat' dir='ltr'>populo</span> <span class='ocrx_word' id='word_1_56' title='bbox 673 1269 821 1350; x_wconf 86' lang='lat' dir='ltr'>Romano</span> <span class='ocrx_word' id='word_1_57' title='bbox 837 1269 927 1334; x_wconf 89' lang='lat' dir='ltr'>laudi</span> <span class='ocrx_word' id='word_1_58' title='bbox 940 1269 1006 1350; x_wconf 91' lang='lat' dir='ltr'>dat,</span> <span class='ocrx_word' id='word_1_59' title='bbox 1019 1269 1105 1348; x_wconf 93' lang='lat' dir='ltr'>quod</span> <span class='ocrx_word' id='word_1_60' title='bbox 1123 1288 1179 1334; x_wconf 87' lang='lat' dir='ltr'>eos</span> <span class='ocrx_word' id='word_1_61' title='bbox 1196 1269 1409 1334; x_wconf 87' lang='lat' dir='ltr'>fidelissimos</span> 
     </span>
     <span class='ocr_line' id='line_1_9' title="bbox 239 1374 1408 1459; baseline 0.004 -20"><span class='ocrx_word' id='word_1_62' title='bbox 239 1377 349 1440; x_wconf 87' lang='lat' dir='ltr'>socios</span> <span class='ocrx_word' id='word_1_63' title='bbox 374 1377 504 1457; x_wconf 87' lang='lat' dir='ltr'>habeat,</span> <span class='ocrx_word' id='word_1_64' title='bbox 527 1395 609 1454; x_wconf 91' lang='lat' dir='ltr'>quos</span> <span class='ocrx_word' id='word_1_65' title='bbox 634 1377 789 1441; x_wconf 90' lang='lat' dir='ltr'>habuerit</span> <span class='ocrx_word' id='word_1_66' title='bbox 807 1378 1090 1455; x_wconf 86' lang='lat' dir='ltr'>pertinacissimos</span> <span class='ocrx_word' id='word_1_67' title='bbox 1108 1378 1221 1441; x_wconf 89' lang='lat' dir='ltr'>hostes</span> <span class='ocrx_word' id='word_1_68' title='bbox 1240 1375 1282 1459; x_wconf 90' lang='lat' dir='ltr'>(c.</span> <span class='ocrx_word' id='word_1_69' title='bbox 1299 1383 1349 1458; x_wconf 86' lang='lat'>34,</span> <span class='ocrx_word' id='word_1_70' title='bbox 1363 1374 1408 1459; x_wconf 83' lang='lat'>4).</span> 
     </span>
     <span class='ocr_line' id='line_1_10' title="bbox 238 1483 1409 1563; baseline 0.002 -17"><span class='ocrx_word' id='word_1_71' title='bbox 238 1486 283 1546; x_wconf 87' lang='lat' dir='ltr'>At</span> <span class='ocrx_word' id='word_1_72' title='bbox 319 1483 459 1546; x_wconf 91' lang='lat' dir='ltr'>animum</span> <span class='ocrx_word' id='word_1_73' title='bbox 496 1484 649 1548; x_wconf 84' lang='lat' dir='ltr'>intendas</span> <span class='ocrx_word' id='word_1_74' title='bbox 685 1485 784 1550; x_wconf 83' lang='lat' dir='ltr'>velim</span> <span class='ocrx_word' id='word_1_75' title='bbox 821 1483 862 1547; x_wconf 88' lang='lat' dir='ltr'>ad</span> <span class='ocrx_word' id='word_1_76' title='bbox 898 1485 1000 1549; x_wconf 85' lang='lat' dir='ltr'>verba</span> <span class='ocrx_word' id='word_1_77' title='bbox 1035 1485 1257 1563; x_wconf 83' lang='lat' dir='ltr'>insequentia,</span> <span class='ocrx_word' id='word_1_78' title='bbox 1290 1485 1409 1562; x_wconf 91' lang='lat' dir='ltr'>quibus</span> 
     </span>
     <span class='ocr_line' id='line_1_11' title="bbox 237 1590 1409 1671; baseline 0.001 -18"><span class='ocrx_word' id='word_1_79' title='bbox 237 1590 444 1670; x_wconf 89' lang='lat' dir='ltr'>interrogat:</span> <span class='ocrx_word' id='word_1_80' title='bbox 484 1590 597 1670; x_wconf 82' lang='lat' dir='ltr'>„Quod</span> <span class='ocrx_word' id='word_1_81' title='bbox 624 1590 719 1654; x_wconf 91' lang='lat' dir='ltr'>hodie</span> <span class='ocrx_word' id='word_1_82' title='bbox 745 1600 835 1656; x_wconf 87' lang='lat' dir='ltr'>esset</span> <span class='ocrx_word' id='word_1_83' title='bbox 859 1591 1042 1671; x_wconf 89' lang='lat' dir='ltr'>imperium,</span> <span class='ocrx_word' id='word_1_84' title='bbox 1068 1591 1134 1655; x_wconf 84' lang='lat' dir='ltr'>nisi</span> <span class='ocrx_word' id='word_1_85' title='bbox 1159 1592 1304 1656; x_wconf 89' lang='lat' dir='ltr'>salubris</span> <span class='ocrx_word' id='word_1_86' title='bbox 1334 1609 1409 1668; x_wconf 91' lang='lat' dir='ltr'>pro·</span> 
     </span>
     <span class='ocr_line' id='line_1_12' title="bbox 238 1695 1410 1776; baseline -0.001 -14"><span class='ocrx_word' id='word_1_87' title='bbox 238 1695 388 1762; x_wconf 90' lang='lat' dir='ltr'>videntia</span> <span class='ocrx_word' id='word_1_88' title='bbox 412 1699 521 1762; x_wconf 88' lang='lat' dir='ltr'>victos</span> <span class='ocrx_word' id='word_1_89' title='bbox 547 1699 799 1776; x_wconf 86' lang='lat' dir='ltr'>permiscuisset</span> <span class='ocrx_word' id='word_1_90' title='bbox 823 1697 1055 1763; x_wconf 82' lang='lat' dir='ltr'>victoribus?“</span> <span class='ocrx_word' id='word_1_91' title='bbox 1104 1697 1218 1761; x_wconf 91' lang='lat' dir='ltr'>Nonne</span> <span class='ocrx_word' id='word_1_92' title='bbox 1251 1698 1410 1776; x_wconf 90' lang='lat' dir='ltr'>augurari</span> 
     </span>
     <span class='ocr_line' id='line_1_13' title="bbox 237 1803 1408 1885; baseline 0.001 -19"><span class='ocrx_word' id='word_1_93' title='bbox 237 1803 326 1884; x_wconf 87' lang='lat' dir='ltr'>licet,</span> <span class='ocrx_word' id='word_1_94' title='bbox 362 1804 416 1867; x_wconf 92' lang='lat' dir='ltr'>hic</span> <span class='ocrx_word' id='word_1_95' title='bbox 453 1805 693 1882; x_wconf 81' lang='lat' dir='ltr'>cogitationum</span> <span class='ocrx_word' id='word_1_96' title='bbox 731 1812 921 1869; x_wconf 85' lang='lat' dir='ltr'>contextum</span> <span class='ocrx_word' id='word_1_97' title='bbox 959 1805 1051 1883; x_wconf 86' lang='lat' dir='ltr'>quasi</span> <span class='ocrx_word' id='word_1_98' title='bbox 1093 1805 1287 1869; x_wconf 87' lang='lat' dir='ltr'>intercisum</span> <span class='ocrx_word' id='word_1_99' title='bbox 1324 1822 1408 1885; x_wconf 78' lang='lat' dir='ltr'>esse,</span> 
     </span>
     <span class='ocr_line' id='line_1_14' title="bbox 239 1911 1408 1988; baseline 0.003 -16"><span class='ocrx_word' id='word_1_100' title='bbox 239 1929 341 1987; x_wconf 89' lang='lat' dir='ltr'>paene</span> <span class='ocrx_word' id='word_1_101' title='bbox 386 1911 458 1988; x_wconf 92' lang='lat' dir='ltr'>ipso</span> <span class='ocrx_word' id='word_1_102' title='bbox 495 1918 632 1975; x_wconf 90' lang='lat' dir='ltr'>auctore</span> <span class='ocrx_word' id='word_1_103' title='bbox 667 1912 838 1975; x_wconf 89' lang='lat' dir='ltr'>nesciente</span> <span class='ocrx_word' id='word_1_104' title='bbox 875 1911 971 1975; x_wconf 88' lang='lat' dir='ltr'>aliam</span> <span class='ocrx_word' id='word_1_105' title='bbox 1009 1913 1250 1976; x_wconf 88' lang='lat' dir='ltr'>sententiarum</span> <span class='ocrx_word' id='word_1_106' title='bbox 1288 1912 1408 1976; x_wconf 91' lang='lat' dir='ltr'>seriem</span> 
     </span>
     <span class='ocr_line' id='line_1_15' title="bbox 238 2016 1408 2100; baseline 0.001 -20"><span class='ocrx_word' id='word_1_107' title='bbox 238 2016 401 2098; x_wconf 81' lang='lat' dir='ltr'>desinere,</span> <span class='ocrx_word' id='word_1_108' title='bbox 427 2018 525 2081; x_wconf 90' lang='lat' dir='ltr'>aliam</span> <span class='ocrx_word' id='word_1_109' title='bbox 551 2017 659 2082; x_wconf 83' lang='lat' dir='ltr'>oriri?</span> <span class='ocrx_word' id='word_1_110' title='bbox 695 2019 769 2084; x_wconf 85' lang='lat' dir='ltr'>Jam</span> <span class='ocrx_word' id='word_1_111' title='bbox 795 2037 859 2082; x_wconf 91' lang='lat' dir='ltr'>non</span> <span class='ocrx_word' id='word_1_112' title='bbox 885 2018 923 2082; x_wconf 92' lang='lat' dir='ltr'>de</span> <span class='ocrx_word' id='word_1_113' title='bbox 949 2020 1105 2097; x_wconf 90' lang='lat' dir='ltr'>propriae</span> <span class='ocrx_word' id='word_1_114' title='bbox 1130 2019 1260 2097; x_wconf 86' lang='lat' dir='ltr'>patriae</span> <span class='ocrx_word' id='word_1_115' title='bbox 1286 2037 1408 2100; x_wconf 91' lang='lat' dir='ltr'>amore,</span> 
     </span>
     <span class='ocr_line' id='line_1_16' title="bbox 237 2124 1407 2206; baseline 0.001 -19"><span class='ocrx_word' id='word_1_116' title='bbox 237 2124 295 2188; x_wconf 90' lang='lat' dir='ltr'>sed</span> <span class='ocrx_word' id='word_1_117' title='bbox 319 2124 358 2187; x_wconf 93' lang='lat' dir='ltr'>de</span> <span class='ocrx_word' id='word_1_118' title='bbox 383 2125 544 2190; x_wconf 82' lang='lat' dir='ltr'>societate</span> <span class='ocrx_word' id='word_1_119' title='bbox 568 2126 703 2204; x_wconf 88' lang='lat' dir='ltr'>generis</span> <span class='ocrx_word' id='word_1_120' title='bbox 727 2127 858 2190; x_wconf 91' lang='lat' dir='ltr'>humani</span> <span class='ocrx_word' id='word_1_121' title='bbox 884 2125 965 2206; x_wconf 84' lang='lat' dir='ltr'>agi?</span> <span class='ocrx_word' id='word_1_122' title='bbox 1009 2126 1055 2190; x_wconf 78' lang='lat' dir='ltr'>Et</span> <span class='ocrx_word' id='word_1_123' title='bbox 1076 2126 1228 2204; x_wconf 84' lang='lat' dir='ltr'>proiecto</span> <span class='ocrx_word' id='word_1_124' title='bbox 1258 2125 1292 2189; x_wconf 93' lang='lat' dir='ltr'>in</span> <span class='ocrx_word' id='word_1_125' title='bbox 1322 2144 1407 2189; x_wconf 94' lang='lat' dir='ltr'>nono</span> 
     </span>
     <span class='ocr_line' id='line_1_17' title="bbox 237 2230 1408 2313; baseline 0.003 -19"><span class='ocrx_word' id='word_1_126' title='bbox 237 2230 370 2310; x_wconf 84' lang='lat' dir='ltr'>dialogo</span> <span class='ocrx_word' id='word_1_127' title='bbox 395 2234 435 2307; x_wconf 78' lang='lat' dir='ltr'>(c.</span> <span class='ocrx_word' id='word_1_128' title='bbox 450 2236 480 2313; x_wconf 83' lang='lat'>4,</span> <span class='ocrx_word' id='word_1_129' title='bbox 494 2237 538 2313; x_wconf 82' lang='lat'>4),</span> <span class='ocrx_word' id='word_1_130' title='bbox 573 2232 628 2311; x_wconf 93' lang='lat' dir='ltr'>qui</span> <span class='ocrx_word' id='word_1_131' title='bbox 664 2251 777 2312; x_wconf 89' lang='lat' dir='ltr'>prope,</span> <span class='ocrx_word' id='word_1_132' title='bbox 812 2232 958 2298; x_wconf 87' lang='lat' dir='ltr'>fortasse</span> <span class='ocrx_word' id='word_1_133' title='bbox 993 2234 1143 2311; x_wconf 85' lang='lat' dir='ltr'>proxime</span> <span class='ocrx_word' id='word_1_134' title='bbox 1179 2232 1220 2296; x_wconf 92' lang='lat' dir='ltr'>ad</span> <span class='ocrx_word' id='word_1_135' title='bbox 1256 2241 1408 2312; x_wconf 89' lang='lat' dir='ltr'>quartum</span> 
     </span>
     <span class='ocr_line' id='line_1_18' title="bbox 237 2339 1408 2421; baseline -0.001 -18"><span class='ocrx_word' id='word_1_136' title='bbox 237 2339 367 2403; x_wconf 89' lang='lat' dir='ltr'>accedit</span> <span class='ocrx_word' id='word_1_137' title='bbox 390 2347 550 2419; x_wconf 89' lang='lat' dir='ltr'>tempore,</span> <span class='ocrx_word' id='word_1_138' title='bbox 576 2341 637 2404; x_wconf 92' lang='lat' dir='ltr'>hoc</span> <span class='ocrx_word' id='word_1_139' title='bbox 661 2340 820 2420; x_wconf 90' lang='lat' dir='ltr'>legimus:</span> <span class='ocrx_word' id='word_1_140' title='bbox 860 2340 958 2418; x_wconf 83' lang='lat' dir='ltr'>,Ideo</span> <span class='ocrx_word' id='word_1_141' title='bbox 983 2359 1101 2421; x_wconf 91' lang='lat' dir='ltr'>magno</span> <span class='ocrx_word' id='word_1_142' title='bbox 1126 2341 1234 2408; x_wconf 87' lang='lat' dir='ltr'>animo</span> <span class='ocrx_word' id='word_1_143' title='bbox 1259 2359 1408 2404; x_wconf 81' lang='lat' dir='ltr'>noanon</span> 
     </span>
     <span class='ocr_line' id='line_1_19' title="bbox 237 2446 1408 2528; baseline 0.001 -18"><span class='ocrx_word' id='word_1_144' title='bbox 237 2446 333 2510; x_wconf 88' lang='lat' dir='ltr'>unius</span> <span class='ocrx_word' id='word_1_145' title='bbox 369 2447 462 2511; x_wconf 90' lang='lat' dir='ltr'>urbis</span> <span class='ocrx_word' id='word_1_146' title='bbox 499 2449 670 2511; x_wconf 89' lang='lat' dir='ltr'>moenibus</span> <span class='ocrx_word' id='word_1_147' title='bbox 708 2448 876 2528; x_wconf 72' lang='lat' dir='ltr'>clusimus</span> <span class='ocrx_word' id='word_1_148' title='bbox 914 2447 971 2512; x_wconf 86' lang='lat' dir='ltr'>scd</span> <span class='ocrx_word' id='word_1_149' title='bbox 1007 2449 1040 2511; x_wconf 93' lang='lat' dir='ltr'>in</span> <span class='ocrx_word' id='word_1_150' title='bbox 1076 2448 1182 2513; x_wconf 89' lang='lat' dir='ltr'>totius</span> <span class='ocrx_word' id='word_1_151' title='bbox 1206 2449 1297 2512; x_wconf 88' lang='lat' dir='ltr'>orbis</span> <span class='ocrx_word' id='word_1_152' title='bbox 1323 2466 1408 2511; x_wconf 87' lang='lat' dir='ltr'>oom-</span> 
     </span>
     <span class='ocr_line' id='line_1_20' title="bbox 237 2553 1406 2636; baseline 0.002 -20"><span class='ocrx_word' id='word_1_153' title='bbox 237 2554 394 2617; x_wconf 87' lang='lat' dir='ltr'>mercium</span> <span class='ocrx_word' id='word_1_154' title='bbox 420 2555 588 2617; x_wconf 89' lang='lat' dir='ltr'>emisimus</span> <span class='ocrx_word' id='word_1_155' title='bbox 613 2555 821 2634; x_wconf 86' lang='lat' dir='ltr'>patriamque</span> <span class='ocrx_word' id='word_1_156' title='bbox 838 2555 932 2618; x_wconf 87' lang='lat' dir='ltr'>nobis</span> <span class='ocrx_word' id='word_1_157' title='bbox 949 2555 1102 2618; x_wconf 92' lang='lat' dir='ltr'>mnndum</span> <span class='ocrx_word' id='word_1_158' title='bbox 1125 2553 1269 2633; x_wconf 84' lang='lat' dir='ltr'>professi</span> <span class='ocrx_word' id='word_1_159' title='bbox 1285 2573 1406 2636; x_wconf 85' lang='lat' dir='ltr'>sumna,</span> 
     </span>
     <span class='ocr_line' id='line_1_21' title="bbox 237 2657 1405 2745; baseline 0.002 -23"><span class='ocrx_word' id='word_1_160' title='bbox 237 2667 274 2723; x_wconf 92' lang='lat' dir='ltr'>ut</span> <span class='ocrx_word' id='word_1_161' title='bbox 297 2661 418 2724; x_wconf 89' lang='lat' dir='ltr'>liceret</span> <span class='ocrx_word' id='word_1_162' title='bbox 449 2661 606 2725; x_wconf 91' lang='lat' dir='ltr'>latiorem</span> <span class='ocrx_word' id='word_1_163' title='bbox 639 2661 759 2725; x_wconf 87' lang='lat' dir='ltr'>virtuti</span> <span class='ocrx_word' id='word_1_164' title='bbox 794 2680 943 2740; x_wconf 90' lang='lat' dir='ltr'>campum</span> <span class='ocrx_word' id='word_1_165' title='bbox 973 2662 1064 2730; x_wconf 79' lang='lat' dir='ltr'>dare.</span> <span class='ocrx_word' id='word_1_166' title='bbox 1093 2657 1405 2745; x_wconf 78' lang='lat' dir='ltr'>(cf.ep.102,21).“</span> 
     </span>
     <span class='ocr_line' id='line_1_22' title="bbox 236 2767 1404 2850; baseline -0.002 -18"><span class='ocrx_word' id='word_1_167' title='bbox 236 2767 275 2832; x_wconf 88' lang='lat' dir='ltr'>ln</span> <span class='ocrx_word' id='word_1_168' title='bbox 299 2768 360 2831; x_wconf 91' lang='lat' dir='ltr'>bac</span> <span class='ocrx_word' id='word_1_169' title='bbox 385 2775 494 2832; x_wconf 89' lang='lat' dir='ltr'>autem</span> <span class='ocrx_word' id='word_1_170' title='bbox 518 2786 555 2832; x_wconf 91' lang='lat' dir='ltr'>re</span> <span class='ocrx_word' id='word_1_171' title='bbox 581 2768 714 2846; x_wconf 91' lang='lat' dir='ltr'>publica</span> <span class='ocrx_word' id='word_1_172' title='bbox 750 2770 931 2833; x_wconf 91' lang='lat' dir='ltr'>maioribus</span> <span class='ocrx_word' id='word_1_173' title='bbox 963 2769 1263 2850; x_wconf 85' lang='lat' dir='ltr'>grandioribusque</span> <span class='ocrx_word' id='word_1_174' title='bbox 1288 2768 1404 2833; x_wconf 87' lang='lat' dir='ltr'>officiis</span> 
     </span>
     <span class='ocr_line' id='line_1_23' title="bbox 236 2872 1404 2958; baseline 0 -20"><span class='ocrx_word' id='word_1_175' title='bbox 236 2873 506 2939; x_wconf 73' lang='lat' dir='ltr'>satisfaciendum</span> <span class='ocrx_word' id='word_1_176' title='bbox 533 2884 594 2956; x_wconf 90' lang='lat' dir='ltr'>est,</span> <span class='ocrx_word' id='word_1_177' title='bbox 623 2877 718 2940; x_wconf 88' lang='lat' dir='ltr'>utin</span> <span class='ocrx_word' id='word_1_178' title='bbox 744 2877 885 2954; x_wconf 88' lang='lat' dir='ltr'>septimo</span> <span class='ocrx_word' id='word_1_179' title='bbox 912 2876 1043 2954; x_wconf 89' lang='lat' dir='ltr'>dialogo</span> <span class='ocrx_word' id='word_1_180' title='bbox 1062 2872 1104 2955; x_wconf 84' lang='lat' dir='ltr'>(c.</span> <span class='ocrx_word' id='word_1_181' title='bbox 1119 2882 1171 2958; x_wconf 77' lang='lat'>20,</span> <span class='ocrx_word' id='word_1_182' title='bbox 1186 2873 1218 2955; x_wconf 83' lang='lat'>3)</span> <span class='ocrx_word' id='word_1_183' title='bbox 1245 2875 1404 2954; x_wconf 86' lang='lat' dir='ltr'>sapientis</span> 
     </span>
     <span class='ocr_line' id='line_1_24' title="bbox 236 2983 1407 3063; baseline 0.003 -19"><span class='ocrx_word' id='word_1_184' title='bbox 236 2999 409 3059; x_wconf 87' lang='lat' dir='ltr'>personam</span> <span class='ocrx_word' id='word_1_185' title='bbox 435 3001 567 3047; x_wconf 89' lang='lat' dir='ltr'>sumens</span> <span class='ocrx_word' id='word_1_186' title='bbox 601 2983 811 3061; x_wconf 87' lang='lat' dir='ltr'>pronuntiat:</span> <span class='ocrx_word' id='word_1_187' title='bbox 852 2984 944 3063; x_wconf 83' lang='lat' dir='ltr'>„Ego</span> <span class='ocrx_word' id='word_1_188' title='bbox 968 2990 1078 3048; x_wconf 89' lang='lat' dir='ltr'>terras</span> <span class='ocrx_word' id='word_1_189' title='bbox 1106 3002 1218 3049; x_wconf 91' lang='lat' dir='ltr'>omnes</span> <span class='ocrx_word' id='word_1_190' title='bbox 1243 2992 1407 3062; x_wconf 89' lang='lat' dir='ltr'>tamquam</span> 
     </span>
     <span class='ocr_line' id='line_1_25' title="bbox 238 3089 1406 3171; baseline 0.002 -19"><span class='ocrx_word' id='word_1_191' title='bbox 238 3107 326 3154; x_wconf 89' lang='lat' dir='ltr'>meas</span> <span class='ocrx_word' id='word_1_192' title='bbox 351 3089 481 3169; x_wconf 91' lang='lat' dir='ltr'>videbo,</span> <span class='ocrx_word' id='word_1_193' title='bbox 506 3108 596 3154; x_wconf 90' lang='lat' dir='ltr'>meas</span> <span class='ocrx_word' id='word_1_194' title='bbox 621 3099 787 3169; x_wconf 91' lang='lat' dir='ltr'>tamquam</span> <span class='ocrx_word' id='word_1_195' title='bbox 812 3092 965 3155; x_wconf 89' lang='lat' dir='ltr'>omnium.</span> <span class='ocrx_word' id='word_1_196' title='bbox 1003 3092 1076 3171; x_wconf 84' lang='lat' dir='ltr'>Idgo</span> <span class='ocrx_word' id='word_1_197' title='bbox 1102 3092 1151 3155; x_wconf 86' lang='lat' dir='ltr'>sic</span> <span class='ocrx_word' id='word_1_198' title='bbox 1175 3093 1284 3157; x_wconf 89' lang='lat' dir='ltr'>vivam</span> <span class='ocrx_word' id='word_1_199' title='bbox 1311 3092 1406 3170; x_wconf 90' lang='lat' dir='ltr'>quasi</span> 
     </span>
     <span class='ocr_line' id='line_1_26' title="bbox 237 3196 1407 3278; baseline 0.002 -18"><span class='ocrx_word' id='word_1_200' title='bbox 237 3197 338 3260; x_wconf 91' lang='lat' dir='ltr'>sciam</span> <span class='ocrx_word' id='word_1_201' title='bbox 364 3196 439 3260; x_wconf 88' lang='lat' dir='ltr'>aliis</span> <span class='ocrx_word' id='word_1_202' title='bbox 465 3215 514 3260; x_wconf 93' lang='lat' dir='ltr'>me</span> <span class='ocrx_word' id='word_1_203' title='bbox 539 3205 651 3262; x_wconf 89' lang='lat' dir='ltr'>natum</span> <span class='ocrx_word' id='word_1_204' title='bbox 677 3205 711 3261; x_wconf 91' lang='lat' dir='ltr'>et</span> <span class='ocrx_word' id='word_1_205' title='bbox 736 3205 876 3263; x_wconf 87' lang='lat' dir='ltr'>naturae</span> <span class='ocrx_word' id='word_1_206' title='bbox 899 3217 1012 3262; x_wconf 92' lang='lat' dir='ltr'>rerum</span> <span class='ocrx_word' id='word_1_207' title='bbox 1035 3199 1098 3263; x_wconf 91' lang='lat' dir='ltr'>hoc</span> <span class='ocrx_word' id='word_1_208' title='bbox 1121 3199 1254 3262; x_wconf 92' lang='lat' dir='ltr'>nomine</span> <span class='ocrx_word' id='word_1_209' title='bbox 1277 3199 1407 3278; x_wconf 88' lang='lat' dir='ltr'>gratias</span> 
     </span>
     <span class='ocr_line' id='line_1_27' title="bbox 235 3304 1405 3386; baseline 0.002 -19"><span class='ocrx_word' id='word_1_210' title='bbox 235 3323 349 3384; x_wconf 88' lang='lat' dir='ltr'>agam:</span> <span class='ocrx_word' id='word_1_211' title='bbox 368 3323 432 3382; x_wconf 92' lang='lat' dir='ltr'>quo</span> <span class='ocrx_word' id='word_1_212' title='bbox 450 3305 534 3368; x_wconf 90' lang='lat' dir='ltr'>enim</span> <span class='ocrx_word' id='word_1_213' title='bbox 553 3304 671 3368; x_wconf 92' lang='lat' dir='ltr'>melius</span> <span class='ocrx_word' id='word_1_214' title='bbox 687 3323 811 3382; x_wconf 92' lang='lat' dir='ltr'>genere</span> <span class='ocrx_word' id='word_1_215' title='bbox 827 3309 997 3383; x_wconf 90' lang='lat' dir='ltr'>negotium</span> <span class='ocrx_word' id='word_1_216' title='bbox 1016 3324 1121 3370; x_wconf 92' lang='lat' dir='ltr'>meum</span> <span class='ocrx_word' id='word_1_217' title='bbox 1138 3324 1239 3386; x_wconf 90' lang='lat' dir='ltr'>agere</span> <span class='ocrx_word' id='word_1_218' title='bbox 1256 3304 1405 3384; x_wconf 80' lang='lat' dir='ltr'>potuit?“</span> 
     </span>
     <span class='ocr_line' id='line_1_28' title="bbox 236 3411 1406 3494; baseline 0.001 -19"><span class='ocrx_word' id='word_1_219' title='bbox 236 3411 274 3476; x_wconf 87' lang='lat' dir='ltr'>ln</span> <span class='ocrx_word' id='word_1_220' title='bbox 297 3412 359 3475; x_wconf 90' lang='lat' dir='ltr'>hac</span> <span class='ocrx_word' id='word_1_221' title='bbox 383 3412 468 3475; x_wconf 90' lang='lat' dir='ltr'>nihil</span> <span class='ocrx_word' id='word_1_222' title='bbox 492 3411 608 3493; x_wconf 89' lang='lat' dir='ltr'>refert,</span> <span class='ocrx_word' id='word_1_223' title='bbox 642 3431 705 3491; x_wconf 93' lang='lat' dir='ltr'>quo</span> <span class='ocrx_word' id='word_1_224' title='bbox 739 3413 812 3490; x_wconf 88' lang='lat' dir='ltr'>quis</span> <span class='ocrx_word' id='word_1_225' title='bbox 845 3412 918 3476; x_wconf 92' lang='lat' dir='ltr'>loco</span> <span class='ocrx_word' id='word_1_226' title='bbox 952 3421 1051 3477; x_wconf 89' lang='lat' dir='ltr'>natus</span> <span class='ocrx_word' id='word_1_227' title='bbox 1076 3413 1138 3477; x_wconf 85' lang='lat' dir='ltr'>sit:</span> <span class='ocrx_word' id='word_1_228' title='bbox 1174 3413 1288 3494; x_wconf 92' lang='lat' dir='ltr'>„Nulli</span> <span class='ocrx_word' id='word_1_229' title='bbox 1312 3430 1406 3491; x_wconf 87' lang='lat' dir='ltr'>prae-</span> 
     </span>
     <span class='ocr_line' id='line_1_29' title="bbox 237 3519 1407 3602; baseline 0.001 -20"><span class='ocrx_word' id='word_1_230' title='bbox 237 3520 329 3582; x_wconf 88' lang='lat' dir='ltr'>clusa</span> <span class='ocrx_word' id='word_1_231' title='bbox 353 3521 461 3584; x_wconf 88' lang='lat' dir='ltr'>virtus</span> <span class='ocrx_word' id='word_1_232' title='bbox 487 3526 557 3601; x_wconf 90' lang='lat' dir='ltr'>est,</span> <span class='ocrx_word' id='word_1_233' title='bbox 587 3520 738 3584; x_wconf 91' lang='lat' dir='ltr'>omnibus</span> <span class='ocrx_word' id='word_1_234' title='bbox 769 3527 873 3602; x_wconf 86' lang='lat' dir='ltr'>patet,</span> <span class='ocrx_word' id='word_1_235' title='bbox 903 3539 1014 3584; x_wconf 90' lang='lat' dir='ltr'>omnes</span> <span class='ocrx_word' id='word_1_236' title='bbox 1040 3519 1197 3602; x_wconf 89' lang='lat' dir='ltr'>admittit,</span> <span class='ocrx_word' id='word_1_237' title='bbox 1222 3538 1334 3584; x_wconf 89' lang='lat' dir='ltr'>omnes</span> <span class='ocrx_word' id='word_1_238' title='bbox 1359 3521 1407 3583; x_wconf 92' lang='lat' dir='ltr'>in·</span> 
     </span>
     <span class='ocr_line' id='line_1_30' title="bbox 236 3627 1407 3710; baseline 0.003 -20"><span class='ocrx_word' id='word_1_239' title='bbox 236 3627 332 3705; x_wconf 91' lang='lat' dir='ltr'>vitat,</span> <span class='ocrx_word' id='word_1_240' title='bbox 358 3628 531 3708; x_wconf 91' lang='lat' dir='ltr'>ingenuos,</span> <span class='ocrx_word' id='word_1_241' title='bbox 556 3627 744 3706; x_wconf 84' lang='lat' dir='ltr'>libertinos,</span> <span class='ocrx_word' id='word_1_242' title='bbox 769 3646 896 3709; x_wconf 86' lang='lat' dir='ltr'>servos,</span> <span class='ocrx_word' id='word_1_243' title='bbox 920 3648 1031 3710; x_wconf 88' lang='lat' dir='ltr'>reges,</span> <span class='ocrx_word' id='word_1_244' title='bbox 1056 3631 1182 3694; x_wconf 84' lang='lat' dir='ltr'>exules.</span> <span class='ocrx_word' id='word_1_245' title='bbox 1218 3629 1292 3694; x_wconf 92' lang='lat' dir='ltr'>Non</span> <span class='ocrx_word' id='word_1_246' title='bbox 1309 3630 1407 3709; x_wconf 88' lang='lat' dir='ltr'>eligit</span> 
     </span>
     <span class='ocr_line' id='line_1_31' title="bbox 237 3733 1405 3820; baseline 0.003 -24"><span class='ocrx_word' id='word_1_247' title='bbox 237 3733 365 3797; x_wconf 89' lang='lat' dir='ltr'>domum</span> <span class='ocrx_word' id='word_1_248' title='bbox 389 3752 450 3798; x_wconf 89' lang='lat' dir='ltr'>nec</span> <span class='ocrx_word' id='word_1_249' title='bbox 475 3753 619 3815; x_wconf 90' lang='lat' dir='ltr'>censum,</span> <span class='ocrx_word' id='word_1_250' title='bbox 644 3735 730 3799; x_wconf 91' lang='lat' dir='ltr'>nudo</span> <span class='ocrx_word' id='word_1_251' title='bbox 747 3736 877 3800; x_wconf 91' lang='lat' dir='ltr'>homine</span> <span class='ocrx_word' id='word_1_252' title='bbox 896 3745 1053 3802; x_wconf 90' lang='lat' dir='ltr'>contenta</span> <span class='ocrx_word' id='word_1_253' title='bbox 1067 3735 1137 3801; x_wconf 88' lang='lat' dir='ltr'>ast“</span> <span class='ocrx_word' id='word_1_254' title='bbox 1164 3733 1219 3820; x_wconf 82' lang='lat' dir='ltr'>(ci.</span> <span class='ocrx_word' id='word_1_255' title='bbox 1234 3754 1284 3814; x_wconf 92' lang='lat' dir='ltr'>ep.</span> <span class='ocrx_word' id='word_1_256' title='bbox 1298 3735 1405 3817; x_wconf 65' lang='lat' dir='ltr'>lar).</span> 
     </span>
     <span class='ocr_line' id='line_1_32' title="bbox 236 3841 1407 3925; baseline 0.002 -21"><span class='ocrx_word' id='word_1_257' title='bbox 236 3841 299 3904; x_wconf 85' lang='lat' dir='ltr'>Hic</span> <span class='ocrx_word' id='word_1_258' title='bbox 335 3841 425 3918; x_wconf 92' lang='lat' dir='ltr'>pacis</span> <span class='ocrx_word' id='word_1_259' title='bbox 460 3849 642 3919; x_wconf 91' lang='lat' dir='ltr'>perpetuae</span> <span class='ocrx_word' id='word_1_260' title='bbox 679 3843 858 3907; x_wconf 92' lang='lat' dir='ltr'>commodis</span> <span class='ocrx_word' id='word_1_261' title='bbox 894 3844 1043 3908; x_wconf 90' lang='lat' dir='ltr'>homines</span> <span class='ocrx_word' id='word_1_262' title='bbox 1079 3843 1253 3908; x_wconf 84' lang='lat' dir='ltr'>fruuntur:</span> <span class='ocrx_word' id='word_1_263' title='bbox 1298 3843 1407 3925; x_wconf 73' lang='lat' dir='ltr'>„Quid</span> 
     </span>
     <span class='ocr_line' id='line_1_33' title="bbox 235 3948 1405 4029; baseline 0.004 -18"><span class='ocrx_word' id='word_1_264' title='bbox 235 3948 334 4028; x_wconf 88' lang='lat' dir='ltr'>bella,</span> <span class='ocrx_word' id='word_1_265' title='bbox 360 3949 478 4028; x_wconf 87' lang='lat' dir='ltr'>inquit,</span> <span class='ocrx_word' id='word_1_266' title='bbox 505 3957 538 4012; x_wconf 92' lang='lat' dir='ltr'>et</span> <span class='ocrx_word' id='word_1_267' title='bbox 562 3951 746 4014; x_wconf 90' lang='lat' dir='ltr'>occisarum</span> <span class='ocrx_word' id='word_1_268' title='bbox 771 3952 920 4028; x_wconf 87' lang='lat' dir='ltr'>gentium</span> <span class='ocrx_word' id='word_1_269' title='bbox 945 3951 1129 4029; x_wconf 90' lang='lat' dir='ltr'>gloriosum</span> <span class='ocrx_word' id='word_1_270' title='bbox 1159 3950 1296 4016; x_wconf 88' lang='lat' dir='ltr'>scelus?</span> <span class='ocrx_word' id='word_1_271' title='bbox 1310 4001 1405 4019; x_wconf 86' lang='grc'><strong>.....</strong></span> 
     </span>
     <span class='ocr_line' id='line_1_34' title="bbox 236 4056 1408 4136; baseline 0.004 -18"><span class='ocrx_word' id='word_1_272' title='bbox 236 4056 286 4119; x_wconf 83' lang='lat' dir='ltr'>ldx</span> <span class='ocrx_word' id='word_1_273' title='bbox 322 4057 623 4121; x_wconf 89' lang='lat' dir='ltr'>senatusconsultis</span> <span class='ocrx_word' id='word_1_274' title='bbox 660 4058 834 4136; x_wconf 89' lang='lat' dir='ltr'>plebisque</span> <span class='ocrx_word' id='word_1_275' title='bbox 870 4059 966 4122; x_wconf 88' lang='lat' dir='ltr'>scitis</span> <span class='ocrx_word' id='word_1_276' title='bbox 1003 4077 1103 4123; x_wconf 91' lang='lat' dir='ltr'>saeva</span> <span class='ocrx_word' id='word_1_277' title='bbox 1139 4067 1339 4125; x_wconf 84' lang='lat' dir='ltr'>exercentur</span> <span class='ocrx_word' id='word_1_278' title='bbox 1374 4066 1408 4123; x_wconf 90' lang='lat' dir='ltr'>et</span> 
     </span>
     <span class='ocr_line' id='line_1_35' title="bbox 235 4164 1407 4246; baseline 0.003 -19"><span class='ocrx_word' id='word_1_279' title='bbox 235 4164 367 4240; x_wconf 90' lang='lat' dir='ltr'>publice</span> <span class='ocrx_word' id='word_1_280' title='bbox 400 4164 557 4228; x_wconf 90' lang='lat' dir='ltr'>iubentur</span> <span class='ocrx_word' id='word_1_281' title='bbox 588 4166 694 4229; x_wconf 92' lang='lat' dir='ltr'>vetita</span> <span class='ocrx_word' id='word_1_282' title='bbox 728 4167 973 4242; x_wconf 85' lang='lat' dir='ltr'>privatim...</span> <span class='ocrx_word' id='word_1_283' title='bbox 1021 4166 1092 4230; x_wconf 93' lang='lat' dir='ltr'>Non</span> <span class='ocrx_word' id='word_1_284' title='bbox 1121 4166 1223 4246; x_wconf 91' lang='lat' dir='ltr'>pudet</span> <span class='ocrx_word' id='word_1_285' title='bbox 1247 4167 1407 4246; x_wconf 72' lang='lat' dir='ltr'>homines</span> 
     </span>
     <span class='ocr_line' id='line_1_36' title="bbox 236 4271 1407 4352; baseline 0.003 -19"><span class='ocrx_word' id='word_1_286' title='bbox 236 4271 445 4334; x_wconf 88' lang='lat' dir='ltr'>mitissimum</span> <span class='ocrx_word' id='word_1_287' title='bbox 470 4290 585 4352; x_wconf 89' lang='lat' dir='ltr'>genus,</span> <span class='ocrx_word' id='word_1_288' title='bbox 610 4273 757 4347; x_wconf 84' lang='lat' dir='ltr'>gaudere</span> <span class='ocrx_word' id='word_1_289' title='bbox 782 4273 942 4350; x_wconf 89' lang='lat' dir='ltr'>sanguine</span> <span class='ocrx_word' id='word_1_290' title='bbox 968 4275 1097 4338; x_wconf 90' lang='lat' dir='ltr'>alterno</span> <span class='ocrx_word' id='word_1_291' title='bbox 1124 4282 1157 4338; x_wconf 90' lang='lat' dir='ltr'>et</span> <span class='ocrx_word' id='word_1_292' title='bbox 1181 4275 1270 4338; x_wconf 87' lang='lat' dir='ltr'>balla</span> <span class='ocrx_word' id='word_1_293' title='bbox 1287 4292 1407 4352; x_wconf 82' lang='lat' dir='ltr'>gerere</span> 
     </span>
     <span class='ocr_line' id='line_1_37' title="bbox 235 4377 1406 4461; baseline 0.003 -21"><span class='ocrx_word' id='word_1_294' title='bbox 235 4377 447 4457; x_wconf 90' lang='lat' dir='ltr'>gerendaque</span> <span class='ocrx_word' id='word_1_295' title='bbox 482 4379 600 4442; x_wconf 89' lang='lat' dir='ltr'>liberis</span> <span class='ocrx_word' id='word_1_296' title='bbox 635 4380 781 4461; x_wconf 91' lang='lat' dir='ltr'>tradere,</span> <span class='ocrx_word' id='word_1_297' title='bbox 818 4400 889 4444; x_wconf 92' lang='lat' dir='ltr'>cum</span> <span class='ocrx_word' id='word_1_298' title='bbox 925 4379 1015 4444; x_wconf 85' lang='lat' dir='ltr'>inter</span> <span class='ocrx_word' id='word_1_299' title='bbox 1050 4400 1085 4445; x_wconf 89' lang='lat' dir='ltr'>se</span> <span class='ocrx_word' id='word_1_300' title='bbox 1117 4382 1218 4446; x_wconf 89' lang='lat' dir='ltr'>etiarn</span> <span class='ocrx_word' id='word_1_301' title='bbox 1244 4383 1344 4445; x_wconf 92' lang='lat' dir='ltr'>mutis</span> <span class='ocrx_word' id='word_1_302' title='bbox 1368 4400 1406 4444; x_wconf 87' lang='lat' dir='ltr'>ac</span> 
     </span>
    </p>
   </div>
   <div class='ocr_carea' id='block_1_3' title="bbox 0 0 1616 4964">
    <p class='ocr_par' dir='ltr' id='par_1_3' title="bbox 0 0 1616 4964">
     <span class='ocr_line' id='line_1_38' title="bbox 0 0 1616 4964; baseline 0 1"><span class='ocrx_word' id='word_1_303' title='bbox 0 0 1616 4964; x_wconf 95' lang='lat' dir='ltr'> </span> 
     </span>
    </p>
   </div>
  </div>
 </body>
</html>
