3224 4964
746 381 966 440 „16-

250 569 358 632 miuus
396 568 494 632 trium
531 568 602 633 fere
636 588 794 634 annorum
831 572 920 636 inter
956 573 1016 636 hos
1052 573 1203 651 dialogos
1229 575 1420 639 exsisteret.

251 675 431 738 helimanni
456 674 581 739 iudicio
607 677 707 739 etiam
732 678 934 742 novissimus
968 697 1078 743 earum
1104 698 1216 754 rerum
1242 680 1421 760 interpres

253 781 408 844 Ali'redus
435 782 567 845 Gcrcke
592 780 896 862 (Seneca-Studien.
922 785 1039 849 Jahrb.
1067 787 1087 848 f.
1114 787 1215 855 klass.
1239 787 1362 851 Philol.
1378 793 1420 850 22

250 887 466 968 8110111616
492 905 521 968 p.
548 894 613 954 164
637 898 670 954 01
695 894 782 968 186),
814 909 849 954 se
873 891 1064 973 applicavit,
1091 904 1125 957 01
1150 895 1230 958 haec
1254 895 1422 959 sententia

251 995 327 1059 mihi
365 1013 493 1074 quoque
531 998 666 1074 propius
703 997 742 1060 ad
768 999 944 1061 veritatem
970 1000 1131 1063 accedere
1156 1000 1300 1064 videtur.
1349 1002 1420 1064 Hoc

250 1101 278 1164 si
301 1109 465 1176 tenemus,
506 1122 614 1166 001100
651 1103 902 1168 admirationem
945 1124 1078 1169 movere
1116 1106 1223 1185 debet,
1264 1107 1420 1171 Senecam

250 1208 365 1272 iisdem
391 1207 460 1273 iere
491 1209 584 1273 aunis
615 1219 683 1273 tam
712 1211 876 1275 diversam
903 1211 942 1275 de
967 1213 1208 1277 inmortalitate
1233 1214 1420 1292 opinionem

249 1316 379 1395 tulisse,
417 1325 453 1380 ut
486 1319 519 1380 iu
555 1324 649 1380 sexto
686 1317 818 1396 dialogo
853 1318 892 1382 de
930 1337 968 1383 ea
1000 1338 1066 1384 non
1101 1321 1241 1395 dubitet,
1267 1339 1361 1398 qnam
1387 1321 1421 1382 in

251 1422 420 1486 undecimo
457 1431 492 1487 ut
527 1425 705 1504 ancipitem
743 1427 774 1488 111
814 1434 987 1505 utramque
1024 1436 1151 1506 partem
1184 1426 1421 1506 persequitur?

250 1531 408 1594 Marciam
460 1530 556 1612 enim,
604 1541 741 1596 matrem
789 1532 930 1596 flebilem
969 1534 1175 1614 mollemque,
1216 1536 1421 1614 permulcere

251 1639 363 1704 studet
400 1640 486 1704 omui
523 1640 771 1705 asseveratione
808 1640 994 1717 adfirmans,
1024 1642 1128 1706 filium
1152 1661 1244 1707 suum
1271 1644 1421 1706 omuibus

250 1747 345 1811 vitiis
371 1747 530 1827 depositis
555 1749 757 1812 caelestibus
780 1750 977 1826 regionibus
1002 1748 1206 1828 adscriptum
1231 1751 1264 1812 in
1287 1750 1421 1813 summis

251 1853 383 1918 deliciis
423 1854 552 1918 versari
592 1850 632 1934 (c.
663 1860 714 1932 at,
739 1859 846 1932 1—2)‚
886 1855 1060 1935 Polybium
1100 1864 1220 1933 autem,
1259 1857 1422 1919 hominem

252 1962 395 2024 aulicum
412 1967 660 2041 versutumque,
678 1962 957 2041 contemplatione
974 1963 1059 2026 satis
1075 1961 1200 2039 frigida
1216 1961 1418 2040 consolatur,

251 2067 390 2133 tratrem
429 2067 617 2132 defunctum
663 2077 721 2132 aut
760 2069 884 2133 nullum
931 2087 1061 2133 sensum
1106 2070 1227 2134 habere
1272 2067 1420 2146 nihilque

250 2176 379 2256 timere,
416 2175 499 2238 nihil
535 2176 605 2255 pati
642 2184 709 2257 aut,
746 2179 773 2240 si
811 2177 940 2256 habeat,
976 2195 1088 2240 rerum
1123 2176 1313 2256 spectaculo
1342 2173 1420 2242 frui.

249 2283 363 2346 Nonne
377 2284 432 2347 hic
446 2282 591 2362 suspicio
606 2285 726 2362 oritur,
741 2283 861 2347 seriam
883 2283 923 2346 de
936 2285 998 2347 hac
1012 2284 1206 2362 quaestione
1220 2283 1421 2346 senteutiam

250 2401 317 2455 tum
344 2368 499 2454 Senecam
526 2390 655 2454 omnino
681 2409 745 2454 non
770 2391 935 2470 habuisse,
960 2390 1056 2455 immo
1082 2391 1190 2454 animo
1207 2388 1421 2453 fluctuavisse

251 2504 284 2561 et
309 2497 522 2576 opinionibus
547 2499 760 2576 moribusque
784 2497 951 2561 hominnm
977 2513 1035 2576 pro
1060 2507 1209 2576 tempore
1234 2514 1269 2559 se
1294 2514 1421 2560 aceolu-

252 2603 463 2669 modavisse?
499 2599 554 2687 (cf.
593 2605 704 2668 Herm.
730 2603 889 2668 Sohiller:
927 2604 1127 2682 Geschichte
1153 2604 1211 2669 des
1234 2603 1421 2668 romischen

251 2712 486 2776 Kaiserreichs
509 2720 608 2776 1111101
633 2712 691 2775 der
715 2712 910 2791 Regiorung
935 2712 991 2776 des
1016 2712 1219 2780 Ner0.1872
1245 2727 1273 2790 p.
1289 2714 1376 2786 589).

358 2837 403 2900 Ut
437 2837 543 2915 igitur
579 2838 697 2915 omnia,
735 2855 818 2916 quae
854 2839 1003 2916 exposui,
1039 2856 1103 2900 uua
1128 2837 1421 2915 comprehensione

252 2945 469 3023 complectar:
520 2944 645 3008 Seneca
684 2946 725 3014 ,iu
765 2945 891 3025 primis,
932 2939 1015 3023 quae
1055 2949 1244 3023 supersunt,
1285 2944 1421 3023 scriptis

251 3052 394 3116 noudum
419 3056 547 3130 plenam
577 3053 749 3132 physicam
776 3053 844 3132 vel,
868 3059 906 3115 ut
929 3058 1046 3115 nostra
1069 3051 1184 3128 lingua
1209 3058 1294 3130 utar,
1319 3058 1421 3115 meta-

252 3160 422 3239 physicam
449 3159 636 3222 Stoicorum
673 3159 847 3223 scientiam
877 3161 1078 3238 percepisse,
1105 3158 1282 3220 interiores
1306 3175 1421 3221 recon-

252 3266 457 3345 ditioresque
476 3267 548 3330 eius
567 3270 680 3345 partes
699 3267 821 3330 leviter
837 3267 1004 3345 attigisse,
1021 3266 1181 3330 nonnulla
1195 3281 1253 3344 pro
1268 3265 1422 3329 sollertia

252 3374 517 3452 abundantiaque
541 3373 667 3451 ingenii
688 3374 848 3437 audacter
865 3373 1033 3437 iuvenisse
1050 3372 1215 3450 putandus
1233 3380 1294 3439 est.
1327 3370 1422 3453 Quod
1454 3379 1457 3386 “

253 3499 331 3545 1010
358 3483 390 3543 10
424 3481 550 3545 Seneca
581 3482 700 3544 iuvene
735 3481 971 3560 desideramus,
998 3482 1032 3543 iu
1056 3498 1133 3544 sene
1158 3478 1340 3557 perlectum
1366 3479 1421 3542 ab·

252 3588 462 3666 solutumque
488 3596 555 3652 est:
581 3590 778 3666 ubicumque
796 3590 829 3651 in
848 3589 996 3667 scriptis,
1022 3606 1105 3666 quae
1122 3587 1300 3665 postremis
1327 3586 1421 3650 aunis
1502 3619 1505 3624 ,
1596 3599 1597 3634 l

252 3696 447 3773 composuit,
485 3697 567 3759 hauc
603 3696 832 3773 philosophiae
869 3695 1001 3760 Stoicae
1037 3702 1163 3772 partem
1199 3695 1253 3758 vel
1278 3693 1420 3757 strictim

253 3804 370 3880 attigit
406 3804 457 3867 101
495 3805 669 3867 verbosius
706 3803 895 3883 explicavit,
932 3821 1063 3879 semper
1099 3801 1249 3864 eruditus
1291 3801 1421 3864 intelle·

252 3928 399 3989 gensque
413 3927 524 3973 earum
537 3928 649 3973 rerum
663 3911 875 3974 existimator
889 3911 1047 3976 cernitur.
1073 3907 1127 3984 (cf.
1141 3907 1253 3971 Zeller
1266 3907 1328 3987 ΙΙΙ,
1346 3911 1376 3969 13
1390 3924 1421 3983 p.

253 4021 342 4096 666).
380 4018 457 4082 Sive
482 4017 522 4080 de
546 4018 669 4094 spiritu
695 4018 823 4081 11110010
848 4018 921 4095 agit
945 4019 1153 4093 1011.66,11;
1181 4007 1326 4097 εὐτονία)
1351 4015 1422 4079 sive

254 4126 292 4188 de
317 4126 440 4203 spiritu
476 4124 712 4204 quodammodo
750 4143 785 4188 se
821 4126 974 4204 habente,
1010 4124 1065 4202 qui
1102 4116 1237 4200 πνεῦμά
1259 4141 1326 4190 πως
1349 4116 1424 4198 ἔχον

254 4233 429 4313 Chrysippi
456 4241 507 4297 est
532 4233 596 4310 (ep.
613 4237 715 4312 50‚t;
745 4236 867 4310 ll3‚9;
894 4237 1033 4310 12110.
1060 4231 1172 4295 Plotin
1207 4227 1423 4308 monoculi,

255 4345 318 4421 7‚4
342 4341 509 4425 putam
547 4339 589 4404 cf.
626 4338 752 4408 Ludov.
789 4339 882 4404 Steiu
917 4339 1172 4405 Erkenutnisth.
1205 4357 1235 4417 p.
1253 4340 1328 4416 175)
1353 4336 1423 4403 sive
