3224 4964
612 408 831 466 ...27--

244 598 288 663 Ut
313 597 429 676 omnia,
456 617 539 677 quae
573 597 611 661 de
645 597 695 660 his
727 597 853 662 duabus
883 597 1137 675 quaestionibus
1162 597 1312 676 exposui,

139 705 360 782 complectar:
398 723 556 768 summum
582 706 635 768 ius
666 704 908 781 arbitriumque
945 702 1080 766 deorum
1116 703 1242 767 Seneca
1278 703 1310 766 in

137 813 316 889 postremis
349 812 486 888 scriptis
519 814 566 875 ita
598 829 734 874 servare
763 810 887 890 studet,
912 817 949 874 ut
974 817 1008 873 et
1031 808 1134 874 fatum
1161 810 1203 872 iis
1223 810 1312 872 subi·

130 920 248 998 ¹cietur
272 927 307 982 et
331 919 489 982 malorum
517 918 644 984 invidia
668 918 709 981 ab
734 917 775 980 iis
800 925 986 982 avertatur.

246 1047 366 1107 Aetate
391 1052 571 1121 provectus
603 1043 704 1106 etiam
737 1042 872 1105 tertiam
899 1040 1059 1119 quandam
1085 1041 1310 1119 quaestionem

139 1152 202 1213 11116
236 1147 442 1213 referendam
480 1151 588 1213 animo
624 1150 777 1214 volutare
815 1149 944 1225 eoepit:
981 1165 1064 1226 quae
1102 1149 1191 1212 ratio
1224 1149 1312 1212 inter

139 1256 242 1320 fatum
267 1264 301 1320 et
325 1258 465 1320 liberum
491 1256 666 1319 arbitrium
692 1253 928 1321 intercederet.
968 1254 1006 1318 Iu
1031 1255 1149 1331 primis
1167 1253 1311 1334 dialogis

137 1364 228 1426 nulla
263 1364 381 1428 littera
416 1362 595 1425 iuvenitur.
643 1361 800 1425 Liberum
836 1361 1013 1426 arbitrium
1055 1363 1162 1439 ipsum
1199 1370 1307 1426 autem

138 1472 276 1548 primum
314 1472 344 1532 iu
383 1471 470 1533 libro
507 1470 614 1532 altero
652 1467 691 1531 de
727 1469 779 1532 ira
803 1475 909 1546 capl
948 1468 1071 1533 leviter
1111 1468 1311 1546 perstringit

137 1578 365 1656 philosophus
400 1577 456 1640 ubi
487 1576 572 1639 nihil
606 1577 688 1639 iram
715 1593 774 1653 per
799 1593 834 1638 se
859 1574 982 1638 audere
1006 1573 1089 1638 dicit
1114 1574 1177 1638 nisi
1203 1575 1311 1638 animo

137 1684 361 1761 approbante:
416 1702 509 1758 „nam
550 1683 694 1760 speciem
735 1699 854 1759 capere
894 1688 1051 1758 acceptae
1091 1681 1235 1745 iniuriae
1276 1689 1311 1746 et

137 1790 294 1854 ultionem
332 1791 404 1853 eius
438 1791 674 1866 concupiscere
714 1796 748 1852 et
784 1796 959 1866 utrumque
997 1788 1211 1867 coniungere,
1250 1802 1310 1851 nec

137 1896 224 1962 laedi
249 1915 284 1961 se
310 1897 463 1961 debuisse
488 1905 522 1961 et
546 1895 711 1989 vindicari
738 1895 869 1975 debere,
894 1913 958 1958 non
984 1903 1035 1959 est
1060 1895 1132 1960 eius
1156 1895 1309 1974 impetus,

137 2003 193 2083 qui
229 2005 299 2068 sine
337 2006 509 2070 voluntate
545 2012 660 2067 nostra
690 1999 1309 2085 6616116611τέ(11.61.6ρ.113,18;

136 2110 290 2175 adsensio
327 2111 534 2175 confirmavit
567 2112 654 2174 hunc
689 2107 871 2190 impetum).
919 2108 1084 2173 Similiter
1109 2110 1142 2173 in
1168 2111 1309 2188 septimo

137 2217 271 2296 dialogo
297 2221 341 2296 (3,
360 2221 389 2292 3)
422 2217 574 2296 affirmat,
607 2234 653 2294 se,
685 2216 772 2295 quod
803 2217 893 2280 inter
924 2234 1036 2280 omnes
1069 2215 1201 2281 Stoicos
1234 2235 1310 2279 eon·

136 2325 259 2403 veniat,
291 2341 399 2387 rerum
428 2332 567 2387 naturae
592 2325 761 2392 assentiri.
808 2324 847 2387 In
872 2324 934 2387 hac
959 2325 1043 2387 enim
1070 2324 1310 2402 approbatione

137 2431 189 2494 vel
241 2432 433 2495 assensione
476 2431 665 2495 secundum
712 2431 898 2496 Stoicorum
944 2430 1127 2496 doctrinam
1169 2431 1309 2495 libertas

135 2537 269 2602 arbitrii
295 2539 404 2616 posita
430 2546 482 2602 est
506 2535 560 2620 (cl.
586 2537 654 2603 Cic.
674 2537 774 2602 Acad.
788 2538 815 2619 Ι,
832 2543 882 2620 ll,
895 2544 957 2623 413
984 2538 1165 2602 Alexandri
1180 2539 1309 2616 Aphro·

135 2644 292 2708 disiensis
328 2647 583 2710 commentarius
619 2647 652 2709 in
687 2646 793 2710 libros
830 2645 1076 2727 metaphysicos
1112 2645 1309 2710 Aristotelis

135 2771 176 2816 ex
199 2770 266 2820 rec.
304 2753 414 2816 Herm.
454 2753 574 2816 Bonita
599 2773 628 2830 p.
650 2758 711 2816 256
728 2771 776 2831 sq.
802 2752 1015 2833 deuotione,
1041 2771 1124 2832 quae
1148 2746 1308 2828 συγκατοί-

135 2861 226 2927 baem
265 2866 420 2938 vocatur;
461 2860 554 2924 Stein
590 2859 847 2928 Erkenntnisth.
884 2879 914 2937 p.
942 2857 1030 2943 312).
1094 2857 1328 2940 Quantopere

136 2972 244 3030 autem
279 2975 347 3031 tum
385 2985 515 3046 quoque
548 2968 643 3032 vanis
674 2967 745 3032 illis
778 2966 818 3030 de
847 2965 917 3032 iate
943 2966 1154 3045 opinionibus
1179 2967 1308 3030 animus

136 3072 323 3150 philosophi
354 3074 536 3139 obstrictus
567 3073 682 3155 fuerit,
715 3092 755 3137 ex
780 3093 850 3152 cap.
874 3080 913 3138 37
941 3073 1077 3138 secundi
1103 3074 1183 3138 libri
1208 3091 1306 3152 quae-

136 3179 280 3243 stionum
315 3182 515 3245 naturalium
554 3165 742 3259 sequitur(
780 3181 981 3245 Definitione
1018 3181 1079 3244 fati
1117 3179 1194 3245 data
1228 3187 1308 3245 vota

135 3287 230 3351 salva
266 3287 299 3352 vi
335 3306 373 3351 ac
410 3296 576 3365 potestate
612 3288 757 3352 fatorum
793 3287 864 3351 fieri
899 3288 1079 3353 contendit.
1127 3287 1199 3367 Eis,
1224 3305 1307 3366 quae

136 3394 452 3460 contradicuntur:
478 3397 515 3474 ‚si
541 3393 688 3459 futurum
715 3401 775 3478 est,
801 3394 869 3475 fiet,
895 3396 1025 3458 etiamsi
1050 3403 1131 3459 vota
1154 3413 1220 3457 non
1237 3411 1307 3457 sus·

136 3503 238 3580 cipis;
263 3503 291 3565 si
316 3521 382 3566 non
406 3510 458 3566 est
482 3501 641 3582 futurum,
667 3502 797 3566 etiamsi
823 3521 887 3565 non
905 3503 1095 3578 susceperis
1121 3509 1216 3582 vota,
1242 3518 1305 3563 non

136 3608 202 3672 fiet’
239 3610 436 3688 respondet:
486 3609 609 3687 „Falsa
644 3618 696 3672 est
731 3609 797 3672 ista
823 3610 1061 3688 interrogati0‚
1098 3609 1176 3686 quia
1216 3607 1305 3670 illam

109 3716 273 3780 ‘mediam
307 3718 396 3780 inter
430 3718 496 3781 ista
521 3717 750 3793 exceptionem
775 3716 959 3793 praeteris:
984 3715 1132 3780 futurum
1158 3715 1306 3794 setheo,
1391 3774 1394 3782 .

135 3821 192 3885 sed
217 3824 245 3886 si
278 3833 356 3887 vota
392 3831 547 3900 suscepta
571 3821 728 3889 fuerint.“
776 3823 895 3886 Fatum
921 3840 1002 3902 ergo
1028 3823 1127 3887 etiam
1154 3821 1193 3886 de
1217 3823 1306 3886 votis

134 3927 298 3993 iaciendis
324 3930 560 3996 omittendisve
586 3930 737 3994 decernit
761 3939 795 3995 et
820 3930 935 3994 mirum
962 3950 1055 4009 quam
1083 3930 1226 3994 obnoxia
1250 3946 1306 3992 res

136 4035 232 4098 homo
264 4044 326 4116 est,
358 4037 542 4102 artificiosa
574 4037 733 4117 quaedam
766 4038 979 4110 machinatio,
1006 4039 1040 4101 in
1064 4056 1128 4115 qua
1152 4055 1242 4100 mens
1267 4055 1306 4098 ac

134 4140 222 4205 ratio
259 4141 502 4206 desiderantur.
550 4145 706 4209 Senecam
739 4163 818 4210 sane
850 4164 914 4208 non
947 4145 1065 4224 effugit
1095 4163 1131 4209 se
1167 4142 1306 4207 monstri

135 4248 263 4326 aliquid
298 4249 408 4312 simile
444 4249 575 4314 effatum
612 4270 701 4322 esse,
728 4262 762 4316 et
785 4261 940 4330 quantum
967 4253 997 4314 ei
1023 4251 1243 4316 dubitationis
1267 4268 1307 4314 ea

134 4372 190 4419 res
226 4357 392 4437 attulerit,
430 4356 551 4434 capitis
587 4359 794 4438 insequentis
829 4359 933 4424 verba
967 4357 1127 4440 indicant,
1164 4359 1220 4422 ubi
1256 4358 1305 4423 sic
