3224 4964
740 367 957 434 mg„

266 555 322 632 nni
358 565 484 631 notioni
509 567 529 630 i.
551 585 579 635 e.
611 567 763 645 corporis
800 568 972 632 subiectae
1013 568 1089 632 sint.
1146 567 1277 633 Nuitur
1329 575 1437 633 autem

267 676 437 739 contraria
463 672 644 739 Anathonii
679 674 756 738 Aall
791 677 958 740 sententia
993 677 1028 738 in
1066 677 1155 740 Aetii
1182 676 1320 754 qriodam
1346 676 1437 741 loco:

266 776 331 863 „oi
355 771 423 842 ἀπὸ
456 783 519 842 τοῖν
550 770 694 862 όρχαίιον
716 783 780 842 τῶν
805 773 947 863 περὶτὰ
974 777 1108 860 στόματα
1133 773 1314 860 α’σοιμοῖτοιν
1342 777 1443 860 λόγων

267 878 352 969 ἅπερ
376 883 435 971 ἤδη
459 883 606 970 σχήματα
632 883 928 970 ιιροσαγορεόοοσι“
954 889 1059 966 (Diels
1080 889 1219 968 doxogr.
1237 909 1288 968 gr.
1304 910 1334 968 p.
1354 887 1441 970 395),

265 995 321 1060 nbi
361 995 488 1061 verbis:
537 991 567 1055 oi
606 987 674 1056 οἷπό
713 997 776 1056 τῶν
814 989 959 1076 αρχοίαν
1003 997 1208 1074 vetustiores
1248 997 1435 1061 Stoicorum

266 1103 445 1182 magistros
471 1102 624 1166 denotari
649 1110 754 1181 putat.
803 1106 847 1166 At
872 1104 924 1166 his
949 1103 1072 1182 verbis
1100 1121 1140 1166 ex
1166 1121 1302 1181 quorum
1335 1105 1438 1168 inter-

266 1211 453 1286 pretatione
490 1211 598 1273 omnia
636 1209 781 1286 pendere
818 1209 977 1275 videntur
1012 1209 1161 1274 mendum
1193 1211 1330 1274 subesse
1356 1211 1439 1274 Her-

266 1335 379 1379 manns
417 1315 510 1380 Diels
552 1315 697 1380 affirmat
730 1317 921 1396 conicitque
958 1314 990 1378 οἱ
1025 1310 1093 1377 αἰιό
1130 1319 1195 1378 τῶν
1230 1311 1439 1399 μαθημάτων

265 1423 475 1486 scribendum
501 1442 584 1503 esse,
610 1431 646 1488 ut
671 1423 825 1489 audiatur
862 1427 1016 1503 γενέσθαι
1039 1419 1096 1494 τὰς
1125 1419 1300 1508 αἰσθήσεις.
1348 1423 1440 1506 Quae

266 1530 460 1593 coniectura
482 1548 585 1609 aeque
610 1550 648 1594 uc
672 1531 792 1595 titulus
819 1531 889 1595 eius
914 1533 1057 1609 capitis:
1083 1531 1162 1612 περὶ
1186 1526 1362 1616 αἰσθήσεως
1386 1530 1441 1591 καὶ

267 1632 442 1720 αἰσθητῶν,
469 1639 552 1702 satis
577 1637 734 1719 indicant,
760 1645 863 1703 totam
890 1641 1089 1703 sententiam
1108 1623 1171 1703 non
1197 1642 1230 1703 in
1255 1641 1437 1719 physicam,

266 1743 323 1807 sed
347 1743 380 1806 in
404 1745 548 1824 logicam
574 1745 627 1809 vel
654 1744 864 1808 dialecticam
889 1745 1121 1822 philosophiae
1147 1749 1280 1811 Stoicae
1312 1754 1438 1824 partem

267 1850 396 1914 cadere.
444 1851 482 1914 In
507 1852 569 1915 hac
594 1857 703 1914 antem
728 1859 798 1915 tota
824 1870 879 1915 res
905 1853 1007 1914 aliter
1032 1870 1067 1916 se
1092 1853 1207 1916 habet:
1233 1853 1288 1916 bic
1313 1855 1437 1930 optimo

267 1958 340 2021 iure
376 1952 465 2035 λόγοι
501 1957 552 2021 illi
587 1950 756 2035 ἀσώματοι
792 1958 957 2022 dicuntur.
1005 1961 1111 2024 Unum
1149 1959 1241 2023 Sexti
1277 1959 1438 2036 Empirici

267 2065 374 2128 locum
399 2064 547 2128 afferam:
576 2059 637 2145 „Ec'
659 2062 720 2144 μὲν
744 2059 805 2146 γὰρ
829 2060 947 2126 λεκτόν
967 2060 1053 2126 ἐστιν
1077 2058 1094 2124 d
1118 2060 1207 2142 λόγος
1230 2064 1285 2125 καὶ
1309 2056 1437 2142 οἷσιόμα-

267 2189 330 2250 τος,
355 2163 397 2239 οἷς
421 2167 452 2230 οἱ
475 2173 617 2234 Στωϊκοί
639 2187 749 2252 φασιν,
776 2164 913 2248 ὃλέγων
937 2166 991 2232 διὰ
1012 2166 1108 2249 λόγου
1125 2166 1438 2251 καταλαμβάνεσθαι

265 2271 304 2337 τολ
330 2272 462 2355 στόματα
486 2272 522 2339 τό
548 2273 748 2360 ζητούμενον
770 2273 982 2359 συναρπάζει.
1031 2273 1222 2361 Ζητούντων
1246 2272 1306 2358 γὰρ
1336 2271 1438 2360 ἡμῶν,

268 2378 298 2445 εἰ
321 2378 462 2445 δύναταί
482 2405 515 2445 τι
539 2378 713 2464 α’σοόματον
737 2381 1063 2467 καταλαμβάνεσθαι,
1090 2380 1185 2456 αὐτὸς
1208 2379 1384 2464 αἷσώματόν
1406 2408 1439 2446 τι

264 2485 372 2569 λαβὼν
385 2484 495 2561 ἁπλῶς
508 2487 562 2553 διὰ
576 2487 693 2553 τούτου
710 2484 769 2564 τὴν
786 2487 975 2576 κατάληψιν
991 2496 1054 2554 τῶν
1073 2485 1249 2572 α’σιομότοον
1266 2495 1439 2554 ποιεῖσθαι

266 2596 358 2659 θέλει
382 2622 411 2658 κ.
429 2621 457 2662 τ.
475 2597 525 2662 λ.“
551 2595 710 2685 (Hector.
736 2591 882 2662 ότιοτοττ.
917 2601 954 2663 Γ.
973 2605 1012 2664 52
1040 2619 1080 2664 ex
1097 2619 1163 2665 rec.
1189 2601 1279 2665 Imm.
1304 2602 1439 2664 Bekker

266 2703 400 2787 p.132).
438 2708 602 2782 Apertum
637 2713 689 2770 est
722 2706 777 2770 hic
801 2725 867 2770 non
892 2705 931 2770 de
955 2709 1057 2772 rebus
1081 2708 1232 2787 physicis
1257 2709 1310 2772 vel
1337 2716 1438 2772 mcta-

265 2812 423 2893 physicis,
459 2831 524 2876 non
560 2811 600 2876 de
635 2815 749 2894 rebus,
787 2831 871 2891 quae
904 2821 981 2879 sunt
1004 2814 1057 2878 vel
1087 2814 1225 2894 faciunt,
1250 2815 1307 2877 sed
1332 2814 1371 2878 de
1397 2814 1439 2876 iis

266 2920 333 2999 agi,
365 2937 448 3002 quae
479 2922 623 2983 animum
655 2921 725 2984 suis
751 2919 790 2984 de
815 2938 850 2984 se
875 2921 949 2998 ipso
975 2921 1240 2999 cogitationibus
1265 2926 1438 2996 occupant.

266 3025 330 3088 Hic
361 3032 472 3089 antem
503 3026 581 3104 qnid
615 3027 744 3105 mirum,
779 3027 806 3090 si
839 3026 878 3090 de
908 3028 1008 3091 rebus
1040 3026 1308 3104 incorporalibus
1333 3026 1438 3090 Stoici

266 3131 473 3209 loquuntur?
508 3131 542 3196 Si
568 3131 652 3196 illud
676 3127 802 3212 λεκτόν,
828 3133 914 3212 qnod
935 3133 1060 3197 Seneca
1085 3133 1328 3197 enuntiativum
1347 3132 1439 3210 quid·

268 3238 339 3300 dam
367 3237 406 3302 dc
432 3257 572 3317 corpore
596 3240 746 3304 nominat
762 3241 893 3318 ipsique
911 3241 1043 3317 corpori
1063 3240 1200 3316 opponit
1218 3239 1281 3320 (ap.
1299 3243 1440 3319 117‚13),

267 3346 478 3423 incorporale
511 3345 672 3424 quoddam
699 3346 775 3410 est?
816 3343 872 3428 (cf.
899 3346 999 3410 etiam
1025 3347 1115 3414 Sext.
1140 3347 1243 3414 Math.
1259 3346 1350 3424 VIII,
1363 3351 1439 3426 406,

267 3455 348 3515 409:
381 3445 421 3512 τὰ
454 3446 611 3530 ἅσιόματα
645 3449 744 3514 λεκτὰ
775 3446 814 3514 od
845 3459 942 3513 ποιεῖ
970 3475 1001 3514 τι
1026 3446 1101 3514 οὐδὲ
1125 3459 1325 3533 φανατασιοῖ
1345 3445 1439 3536 ἡμᾶς,

268 3548 340 3619 o'tt’
362 3551 456 3642 ἡμεῖς
480 3555 576 3637 ἐσμὲν
600 3556 632 3620 οἱ
655 3550 710 3619 ἐπ’
733 3554 869 3628 ἐκείνοις
892 3553 1181 3638 φαντασιούμενον.
1214 3559 1438 3639 ZellcrIILl³

267 3685 297 3743 p.
317 3672 333 3728 7
339 3672 355 3729 7
376 3675 409 3730 et
426 3672 486 3745 863
513 3667 652 3731 Worner
667 3667 792 3731 Lnthe:
820 3665 881 3730 Die
894 3667 1198 3732 Erkenntnislehre
1217 3666 1275 3729 der
1293 3667 1438 3731 Stoiker.

269 3773 358 3850 Lips.
386 3779 470 3837 1891
509 3792 538 3850 p.
567 3772 644 3853 36.).
696 3773 794 3837 Aliud
832 3773 1072 3854 documentum,
1114 3792 1177 3851 qno
1217 3771 1439 3850 incorporalis

268 3878 469 3957 quarundam
488 3897 598 3944 rerum
615 3887 734 3944 natura
753 3882 996 3960 comprobetur,
1010 3880 1103 3957 σῶμα
1120 3874 1242 3941 ἄποιον
1251 3879 1438 3943 Stoicorum

268 3994 335 4050 est:
362 3987 416 4050 nbi
443 3987 528 4051 enim
547 4005 658 4050 omnes
674 4005 785 4050 rerum
805 3987 986 4065 qualitates
1003 3986 1131 4065 desunt,
1158 3985 1235 4065 qnid
1253 3987 1307 4050 hic
1328 3993 1440 4064 potest

269 4112 343 4158 esse
367 4092 519 4157 residui?
556 4098 601 4157 At
625 4094 828 4172 Simplicius,
854 4112 895 4157 ex
920 4095 1015 4158 cuius
1042 4094 1288 4158 commentariis
1313 4094 1345 4157 in
1365 4093 1439 4157 Ari·

269 4201 401 4265 stotelis
415 4201 633 4281 Physicornm
650 4200 755 4264 libros
769 4205 869 4280 (50‚2)
888 4203 927 4265 Α.
942 4200 1020 4265 Aall
1037 4202 1121 4265 hanc
1137 4219 1250 4264 vocem
1265 4200 1439 4278 depromit,

270 4307 394 4371 diserto
430 4317 464 4372 et
499 4310 595 4386 plano
632 4326 701 4372 eam
737 4327 801 4372 non
838 4307 878 4372 ad
913 4326 978 4387 rcs,
1017 4326 1100 4386 quae
1136 4308 1313 4372 inmundo
1338 4308 1439 4371 semel
