3224 4964
632 363 851 428 ...35„.

159 572 266 628 motus
290 561 353 626 nisi
379 561 576 640 adprobatio
602 560 784 624 antecessit
809 577 873 622 non
898 558 996 638 flunt,
1029 566 1062 623 et
1094 557 1181 637 quod
1212 557 1251 620 de
1282 555 1335 621 110

159 667 249 751 (dial.
263 670 322 751 IV,
339 675 367 750 1,
381 673 414 732 41
439 686 543 746 aeque
568 667 607 730 de
633 667 709 731 aliis
734 667 909 730 affectibus
927 665 991 729 dici
1011 667 1137 742 potest:
1162 665 1193 728 in
1211 663 1333 728 iudicio

160 778 213 842 vel
239 796 342 855 pravo
366 777 420 841 vel
445 784 537 839 recto
563 773 636 838 fons
661 783 694 838 et
720 780 820 852 caput
849 791 961 836 eorum
991 782 1053 836 est.
1101 771 1187 852 Quid
1213 780 1333 850 autem,

159 885 188 948 si
211 885 338 948 ita'res
363 902 398 947 se
424 884 535 961 habet,
560 881 770 960 prudentius,
796 879 875 958 quid
901 881 1019 944 utilius
1045 881 1243 958 excogitari,
1279 880 1331 942 ubi

159 992 392 1072 philosophus,
426 1008 524 1054 verus
562 989 627 1053 iste
665 989 846 1052 animorum
889 987 1134 1064 aegrotantium
1176 987 1333 1065 medicus,

161 1097 284 1162 rnaiore
325 1116 395 1162 cum
437 1097 657 1161 emolumento
705 1105 810 1159 artem
859 1113 949 1158 suam
991 1094 1135 1159 divinam
1176 1112 1334 1157 exercere

160 1206 368 1284 gratiamque
404 1206 510 1269 totius
545 1203 680 1281 generis
717 1203 848 1266 humani
886 1201 976 1264 ferre
1014 1209 1134 1280 potest,
1171 1220 1267 1280 quam
1305 1202 1333 1264 si

160 1321 339 1391 praecepto
375 1312 538 1377 salutaria
574 1310 691 1374 animis
728 1310 884 1384 inculcat,
910 1327 1044 1373 errores
1069 1309 1182 1389 eripit,
1209 1318 1334 1372 mentes

160 1438 279 1500 aegras
316 1419 355 1484 ad
393 1419 569 1482 sanitatem
606 1415 762 1481 reducit?
809 1416 972 1494 Numquid
1009 1434 1125 1480 munus
1160 1417 1334 1493 pulchrius

159 1525 413 1606 grandiusque?
479 1526 540 1589 His
586 1524 656 1588 fere
693 1523 956 1602 cogitationibus
999 1525 1155 1600 impletus
1190 1522 1335 1586 admoni-

159 1634 308 1698 tionibus
333 1640 458 1695 rectam
495 1631 535 1694 de
571 1633 667 1695 bonis
704 1631 864 1709 malisque
896 1633 1094 1694 sententiam
1122 1631 1334 1693 corroborari

162 1739 243 1802 dicit
266 1739 462 1818 pergitque:
489 1738 597 1819 „Illud
624 1757 754 1817 quoque
772 1737 891 1803 fulsum
909 1746 971 1819 est,
996 1738 1079 1801 nihil
1096 1727 1335 1815 00011000000

162 1845 323 1922 proficere
347 1854 537 1924 praecepta.
586 1846 665 1909 Nam
700 1844 969 1924 quemadmodum
1001 1846 1073 1908 sola
1096 1864 1160 1908 nou
1185 1853 1335 1922 prosunt,

161 1952 210 2016 sic
256 1955 462 2018 curationem
509 1952 702 2017 adiuvant.“
751 1955 811 2029 (ep.
850 1958 902 2033 94,
928 1953 993 2028 36).
1052 1950 1231 2016 Posidonio
1270 1970 1335 2014 non

104 2132 107 2137 .
160 2061 353 2140 assentitur,
387 2062 442 2139 qui
478 2070 656 2124 censuerat
689 2060 796 2135 legem
821 2061 954 2122 brevem
981 2077 1053 2122 asse
1079 2068 1247 2140 oportere,
1272 2076 1335 2136 quo

159 2165 292 2232 facilius
317 2169 357 2230 ab
375 2167 541 2243 imperitis
558 2172 712 2229 teneatur
737 2166 794 2244 (ib.
809 2163 828 2246 ξ
842 2165 908 2246 38).
923 2202 965 2209 -
979 2166 1111 2230 Clarius
1136 2167 1333 2230 sententiam

161 2274 309 2349 explicat
334 2289 383 2348 ep.
403 2277 617 2349 aa,34-35:
665 2272 724 2352 „In
760 2273 821 2335 hac
853 2291 934 2349 ergo
959 2291 1085 2336 morum
1111 2274 1335 2350 perversitate

162 2377 374 2441 desideratur
398 2379 499 2441 solito
526 2379 755 2442 vehementius
780 2378 916 2459 aliquid,
943 2379 1027 2457 quod
1046 2380 1132 2444 mala
1147 2381 1336 2445 inveterata

161 2484 340 2551 discutiat:
378 2484 523 2548 decretis
559 2485 721 2564 agendum
759 2494 822 2566 est,
847 2493 884 2549 ut
908 2487 1093 2551 revellatur
1117 2488 1251 2564 penitus
1276 2486 1336 2550 t'al·

160 2610 270 2655 sorum
305 2602 442 2668 recepta
478 2592 664 2669 persuasio.
711 2593 773 2664 His
810 2593 838 2655 si
874 2591 1120 2657 adiunxerimus
1146 2601 1335 2673 praecepta,

160 2698 418 2776 consolationes,
433 2698 700 2777 adhortationes,
710 2707 869 2775 poterunt
884 2699 1014 2766 valere:
1029 2719 1089 2777 per
1100 2719 1135 2764 se
1146 2699 1336 2764 inefficaces

161 2812 256 2872 snut.
272 2855 302 2870 ..
328 2804 469 2886 discant,
496 2803 573 2883 quid
598 2805 728 2883 malum,
755 2805 833 2883 quid
859 2807 977 2870 bonum
1003 2808 1059 2870 sit.
1096 2807 1212 2872 Sciant
1227 2808 1337 2870 omnio

161 2921 297 2985 praeter
321 2912 479 2976 virtutem
506 2919 634 2976 mutare
652 2930 781 2991 nomen,
798 2912 893 2976 modo
911 2913 996 2977 nrala
1012 2913 1084 2976 fieri
1102 2912 1198 2977 modo
1216 2914 1335 2980 boua.“

161 3014 200 3077 ln
225 3016 336 3082 eadem
367 3019 513 3096 epistula
545 3018 704 3098 legimus:
753 3020 875 3100 „Actio
908 3028 1003 3084 recta
1035 3039 1099 3084 non
1131 3019 1245 3101 fuerit,
1271 3022 1334 3084 nisi

162 3128 257 3185 recta
292 3123 395 3190 inerit
436 3125 656 3192 voluntate...
702 3145 765 3189 non
804 3127 970 3204 contingit
1005 3127 1235 3206 tranquillitas
1271 3128 1334 3191 nisi

162 3228 358 3292 inmutabile
384 3240 575 3311 certumque
601 3232 759 3297 iudicium
785 3231 920 3311 adeptis
943 3231 975 3315 (§
989 3232 1043 3314 511
1058 3233 1113 3310 (cf.
1130 3234 1187 3297 Ad.
1202 3234 1334 3314 Dyrofft

162 3333 225 3397 Die
251 3334 356 3399 Ethik
381 3335 440 3399 der
464 3338 555 3402 alten
579 3339 670 3404 Stoa.
694 3340 852 3404 Berliner
876 3341 1012 3404 Studien
1031 3341 1067 3405 II
1090 3345 1188 3424 1891,
1203 3360 1233 3417 p.
1253 3346 1335 3416 175).

163 3441 346 3506 Affectibns
371 3444 459 3506 ratio
485 3447 639 3522 opposita
665 3455 724 3511 est.
762 3447 800 3511 In
820 3466 883 3526 qna
901 3447 1119 3512 describenda
1135 3447 1182 3511 ita
1205 3448 1333 3527 quidem

161 3566 291 3627 semper
315 3550 348 3613 in
375 3549 519 3614 decretis
544 3567 656 3616 sectae
675 3571 754 3616 snae
772 3561 912 3634 perstat,
938 3562 974 3618 ut
991 3573 1061 3618 eam
1084 3562 1212 3633 partem
1231 3555 1336 3620 divini

161 3657 303 3733 spiritus
328 3657 361 3720 in
387 3675 506 3735 corpus
531 3658 705 3722 humanum
731 3678 881 3740 mersam,
907 3660 957 3724 dis
976 3661 1225 3741 hominibusque
1250 3681 1335 3725 com·

162 3780 288 3826 munem
302 3772 398 3842 putet
411 3763 505 3845 [dial.
521 3765 599 3844 ΧΠ,
616 3770 666 3846 11,
679 3772 712 3842 1;
726 3784 777 3842 ep.
792 3773 911 3846 66,12;
926 3786 977 3846 ep.
993 3775 1044 3847 92,
1059 3771 1098 3833 27
1109 3793 1115 3848 ;
1128 3759 1336 3847 danamarcam

162 3867 347 3935 Stoicorum
382 3871 476 3950 Diog.
508 3872 618 3935 Laert.
637 3871 711 3953 Vll,
736 3875 815 3950 143;
849 3874 994 3952 Epictet.
1021 3876 1217 3956 (1100.Ι,14;
1242 3877 1335 3956 ll,8;

163 3972 330 4038 Cornutus
366 3978 404 4040 de
441 3988 562 4044 natura
600 3965 857 4060 (10010002).
904 3983 1024 4046 Munus
1048 3991 1169 4065 autem,
1195 3984 1279 4062 quod
1305 3986 1336 4047 ei

163 4076 319 4168 batnon
343 4100 473 4160 semper
497 4086 583 4150 idem
610 4095 672 4168 est,
698 4090 833 4168 angusti
851 4090 923 4154 eius
940 4089 1021 4153 lines
1039 4092 1146 4170 magis
1165 4092 1335 4170 magisque

161 4185 414 4264 amplificantur.
463 4189 502 4253 In
527 4192 720 4257 duodecimo
755 4194 886 4273 quidem
923 4196 1057 4275 dialogo
1096 4198 1158 4261 nisi
1185 4197 1224 4261 ad
1251 4198 1335 4263 vitia

161 4293 378 4370 opprimenda
403 4313 467 4359 non
494 4297 606 4362 valere
623 4300 758 4364 videtur
774 4303 817 4380 (c.
832 4307 884 4382 13,
900 4307 945 4374 3).
971 4301 1034 4382 Qui
1051 4302 1133 4367 fines
1151 4302 1337 4369 dilatantur
