3224 4964
649 417 870 476 ..11-

173 617 292 673 natura
325 609 356 672 in
390 607 542 671 notitiam
580 609 651 672 eius
682 608 902 687 peruenisset,
928 607 1124 685 praesertim
1151 626 1223 671 cnm
1249 608 1347 684 paulo

173 725 249 792 post
280 717 456 785 Zenonem,
490 715 694 795 Cleanthem,
735 714 955 794 Chrysippum
1002 725 1246 793 commemoret,
1283 733 1347 778 nou

174 821 365 886 defuturum
387 821 503 902 luisse,
536 823 613 899 quin
649 840 750 899 arma,
786 821 905 899 quibus
930 821 1062 885 Stoicos
1087 823 1282 902 incesseret,
1307 822 1348 884 ab

175 930 258 1006 ipsis
292 935 501 992 mutuaretur
558 928 688 992 Similia
720 935 916 1006 argumenta
948 945 989 991 ex
1023 928 1159 992 silentio
1192 929 1348 1009 conclusa

175 1036 274 1100 facilc
300 1055 339 1100 ex
363 1036 440 1099 aliis
466 1037 689 1113 scriptoribus
715 1035 831 1112 colligi
856 1042 1006 1112 possunt.
1055 1034 1140 1115 Quid
1164 1035 1347 1099 Plutarcho

175 1144 369 1220 inscriptis
402 1142 481 1221 περὶ
510 1142 653 1203 στωικῶν
682 1135 931 1219 ἐναντιωμάτων
963 1152 996 1204 et
1029 1139 1108 1222 περὶ
1139 1143 1205 1202 τῶν
1230 1144 1350 1202 κοινῶν

175 1245 307 1310 ἐννοιῶν
340 1242 422 1330 πρὸς
453 1242 526 1317 τούς
549 1254 712 1316 Σιωικονς
743 1249 890 1326 optatius
922 1266 994 1312 esse
1019 1247 1129 1325 potuit
1153 1267 1247 1327 quam
1274 1257 1350 1326 post

174 1358 292 1420 verba:
343 1351 491 1434 ,,ἅτοτταν
528 1348 587 1435 γὰρ
623 1333 659 1416 εὖ
694 1349 784 1434 μάλα
818 1349 876 1423 τὰς
911 1345 1027 1436 α’ρειάς
1062 1353 1119 1414 καὶ
1145 1347 1202 1424 τὰς
1225 1355 1348 1436 κακίας,

177 1455 258 1542 ιτρός
294 1460 329 1522 δὲ
366 1457 498 1530 ταύταις
527 1454 583 1530 τὰς
614 1465 727 1538 τέχνας
755 1461 811 1521 καὶ
841 1455 897 1529 τὰς
927 1455 1058 1544 μνήμας
1086 1456 1203 1541 παίσας,
1238 1455 1286 1522 ἔτι
1315 1459 1349 1522 δὲ

174 1570 353 1648 φαντασίας
389 1569 444 1629 καὶ
477 1563 575 1651 παθη
610 1568 665 1630 καὶ
699 1560 801 1650 ὁρμὰς
837 1568 892 1629 καὶ
926 1570 1178 1644 συγκαταθέσεις
1215 1563 1348 1646 σώματα

174 1678 395 1752 ποιουμένους
419 1699 446 1735 κ,
461 1698 487 1737 τ.
503 1673 553 1739 λ.“
582 1676 634 1756 (de
661 1695 821 1740 commun.
846 1677 943 1741 notit.
972 1680 1013 1739 45
1038 1679 1076 1755 A,
1103 1673 1201 1756 1084)
1227 1675 1348 1738 addere

174 1776 270 1859 λόγον
299 1782 468 1848 dementer
498 1801 562 1846 non
594 1783 627 1846 in
660 1783 858 1860 corporibus
890 1781 994 1846 duci?
1041 1783 1105 1848 Tot
1138 1783 1346 1846 saeculorum

175 1889 366 1966 scriptores,
399 1889 485 1954 haud
518 1908 595 1953 raro
620 1890 814 1964 malevolos,
838 1908 915 1953 num
939 1888 1066 1968 fugisse
1095 1888 1255 1953 credibile
1279 1898 1341 1969 est,

175 1997 304 2062 hiantia
340 1998 469 2061 locutos
506 2015 579 2061 esse
615 1997 758 2076 Stoicos,
795 2015 865 2060 cum
906 1997 1025 2077 omnia,
1063 2015 1146 2075 quae
1182 1994 1343 2077 lacerent,

174 2122 294 2180 corpus
319 2122 393 2168 esse
417 2111 606 2169 statuerent
631 2106 712 2179 (πᾶν
737 2096 855 2184 γὰρτὸ
881 2101 966 2185 δρῶν
991 2091 1010 2183 ἢ
1033 2101 1089 2163 καὶ
1105 2103 1225 2164 ποιοῦν
1245 2105 1346 2179 σῶμα.

175 2211 265 2273 Aetli
291 2211 380 2273 Plac.
398 2211 456 2286 IV,
471 2216 523 2291 20,
551 2211 645 2275 Diels
670 2211 744 2277 dor.
763 2230 792 2287 p.
807 2207 898 2294 410),
924 2229 996 2274 cum
1021 2211 1128 2287 ipsum
1153 2201 1349 2292 ἡγεμονικόν

175 2334 294 2393 corpus
330 2335 403 2381 esse
439 2318 590 2381 dicerent
627 2318 727 2394 (Sext.
753 2318 855 2384 Matb.
876 2317 948 2395 VH,
975 2323 1040 2397 38),
1077 2336 1148 2381 cnm
1184 2315 1346 2381 rationem

175 2441 305 2486 causam
332 2426 472 2489 omnium
498 2443 607 2488 rerum
635 2423 831 2489 efficientem
857 2425 911 2489 vel
935 2424 1096 2489 artificem
1115 2424 1347 2490 universitatis

173 2530 383 2608 appellarent
414 2532 515 2608 (Stob.
546 2532 745 2611 ecl.l‚180.
793 2531 887 2595 Alex.
913 2531 1061 2609 Aphrod.
1087 2530 1125 2594 de
1150 2529 1220 2594 fato
1245 2530 1346 2604 ΜΞ.

174 2637 321 2718 Chalcid.
357 2639 392 2701 in
430 2640 514 2702 Plat.
551 2639 633 2703 Tim.
663 2643 741 2707 291.
788 2637 928 2702 Tertull.
959 2638 1090 2716 apolog.
1123 2638 1267 2719 21,Ια.
1284 2643 1346 2702 198

173 2744 307 2822 chler,
348 2743 420 2826 alii)
457 2753 490 2810 et
526 2764 596 2808 cum
634 2746 739 2809 nihilo
776 2746 884 2809 minus
924 2746 1087 2810 rationem
1124 2763 1244 2822 corpus
1273 2763 1346 2809 esso

173 2851 360 2931 negarent?
407 2852 481 2932 Sed,
511 2871 552 2916 ne
582 2853 716 2932 longior
745 2853 824 2933 sim,
854 2852 940 2916 baud
965 2852 1113 2916 feliciter
1137 2851 1346 2916 Anathonius

174 2958 250 3021 Aall
275 2959 462 3024 contrarias
479 2968 593 3037 partes
612 2960 793 3037 sumpsisse
810 2959 890 3023 mihi
909 2959 1043 3025 videtur
1059 2958 1346 3038 recedendumqne

175 3068 360 3140 putaverim
397 3067 436 3131 ad
474 3066 646 3131 doctorum
683 3067 827 3146 illorum,
865 3085 946 3145 quos
982 3067 1150 3131 nominavi
1188 3067 1346 3146 virorum,

175 3170 342 3251 iudicium,
376 3173 554 3239 secundum
589 3173 674 3252 quod
705 3174 831 3238 Seneca
863 3175 948 3238 malo
975 3174 1162 3239 Stoicorum
1187 3173 1346 3237 tirocinio

174 3277 319 3341 imbutus
342 3278 417 3359 fuit,
443 3300 514 3344 cnm
539 3299 677 3345 securus
695 3280 734 3344 de
752 3281 938 3358 perspectis
956 3281 1206 3358 exploratisque
1233 3298 1345 3343 eorum

175 3386 310 3464 placitis
335 3387 577 3465 incorporalem
611 3389 734 3453 rationi
767 3395 918 3452 naturam
943 3387 1161 3452 adscriberet.
1210 3387 1346 3466 Aliquid

173 3511 252 3556 sane
277 3493 510 3558 admirationis
539 3496 661 3559 habere
691 3503 813 3576 potest,
843 3494 929 3573 quod
959 3495 1179 3572 philosophus
1214 3495 1345 3557 omuino

173 3601 205 3663 in
231 3601 330 3664 talem
357 3619 503 3665 errorem
529 3602 657 3667 incidit.
706 3605 748 3665 At
775 3603 804 3665 si
828 3603 1008 3667 observare
1034 3602 1130 3681 velis,
1155 3619 1252 3679 qnam
1270 3619 1344 3666 ver-

174 3707 253 3770 bose
285 3715 318 3771 et
352 3727 491 3786 operose
516 3711 740 3786 posteriorum
766 3709 974 3773 saeculorum
998 3709 1183 3787 scriptores
1209 3725 1265 3772 eas
1289 3726 1345 3772 res
1370 3768 1372 3774 ,

174 3813 213 3876 ad
256 3815 520 3894 intellegentiam
557 3817 744 3895 aequalium
788 3815 1038 3880 accommodare
1074 3815 1264 3880 studuerint
1299 3815 1344 3896 (V.

175 3919 310 3998 Origen.
342 3924 374 3986 in
400 3942 449 4001 ep.
486 3924 527 3987 ad
551 3924 689 3991 Roman.
726 3925 1036 3988 commentariorum
1075 3924 1132 3992 lib.
1168 3923 1267 4002 111,1
1294 3922 1342 3990 ed.

175 4027 403 4094 Lommatzsch
427 4040 506 4095 tom.
527 4031 581 4110 VI,
605 4050 635 4108 p.
658 4029 742 4111 169),
778 4031 923 4108 suspicio
959 4032 1069 4095 oritur
1103 4031 1166 4094 iam
1202 4031 1345 4093 Neronis

173 4143 284 4200 aetate
320 4137 353 4200 in
390 4137 550 4201 eiusmodi
588 4138 839 4216 quaestionibus
875 4139 1088 4217 perobscuris
1125 4137 1343 4214 intellegendi

174 4242 382 4319 prudentiam
408 4245 530 4308 sensim
556 4244 755 4312 decrevisse.
803 4245 866 4310 Sed
891 4246 954 4309 hoc
983 4243 1024 4307 ad
1048 4245 1199 4308 iuvenem
1230 4243 1344 4323 solnm,

174 4369 236 4414 non
274 4351 314 4415 ad
350 4369 460 4414 senem
497 4353 628 4416 attinet.
676 4353 715 4415 Iu
740 4352 894 4430 epistolis
924 4353 1010 4416 enim
1035 4352 1118 4416 satis
1143 4352 1342 4416 instructum
