3224 4964
650 365 868 431 ...7‚.

172 565 342 644 prioribus
366 565 448 628 haec
479 564 552 627 laus
587 563 674 628 haud
708 565 862 642 exiguam
888 564 921 626 in
947 571 1074 640 partem
1100 563 1130 626 ei
1154 554 1346 644 deneganda

173 691 245 736 esse
272 673 422 749 videtur,
447 673 550 736 verba
575 690 637 734 non
663 671 703 734 ad
728 689 874 734 normam
900 669 1029 750 dirigit,
1056 672 1209 736 ubertate
1234 672 1346 749 potius

173 781 301 858 ingenii
335 778 495 842 adductus
528 779 687 842 nonnulla
717 796 758 842 ex
782 778 925 842 arbitrio
951 778 999 841 ita
1024 785 1164 841 exornat
1188 787 1345 859 mutatve,

173 895 209 951 11
226 907 244 950 6
267 887 365 949 iustis
389 885 620 964 germanisque
639 887 826 950 Stoicorum
845 885 1022 949 sententiis
1039 886 1138 962 longe
1155 886 1346 954 abhorreat.

174 996 276 1058 Cuius
293 995 342 1056 rei
362 992 623 1070 comprobandae
642 994 756 1056 labore
784 993 954 1071 sagacitas
981 992 1184 1070 quorundam
1199 992 1346 1057 virorum

175 1105 345 1164 doctorum
372 1100 492 1180 effecit,
519 1108 556 1164 ut
580 1101 693 1179 aliqua
718 1118 758 1163 ex
776 1108 872 1177 parte
890 1099 1133 1177 supersedeam.
1172 1099 1263 1180 Quos
1281 1119 1347 1164 non

174 1207 271 1289 fugit,
297 1227 434 1286 pravum
460 1207 620 1286 quoddam
648 1208 784 1272 verbum
809 1207 1034 1285 iudiciumque
1060 1207 1092 1270 in
1119 1215 1237 1276 octavo
1268 1207 1347 1271 duo-

174 1315 289 1379 decimi
316 1315 440 1394 dialogi
468 1316 577 1393 capite
603 1314 719 1379 latere.
768 1315 831 1378 Hic
856 1313 941 1378 enim
967 1314 1126 1392 legimus:
1155 1314 1213 1394 „Id
1237 1322 1346 1379 actum

173 1431 235 1501 631,
262 1423 340 1485 mihi
366 1420 474 1500 crede,
500 1423 540 1484 ab
566 1422 637 1501 illo,
662 1421 813 1499 quisquis
830 1419 993 1485 formator
1010 1420 1158 1486 universi
1175 1420 1250 1500 1111,
1276 1420 1346 1485 3116

174 1529 230 1593 1116
256 1530 336 1592 deus
362 1536 414 1592 est
430 1538 549 1605 potens
568 1529 706 1592 omnium
726 1529 797 1592 3116
815 1528 1039 1604 incorporalis
1056 1530 1144 1591 ratio
1161 1529 1346 1606 ingentium

175 1654 308 1714 opernm
335 1633 458 1698 artifex
492 1636 563 1699 3116
600 1634 734 1700 divinus
760 1636 901 1713 spiritus
925 1651 986 1712 per
1011 1635 1118 1698 omnia
1142 1636 1284 1698 maxima
1309 1655 1347 1698 ao

175 1743 308 1806 minima
332 1742 462 1820 aequali
488 1743 673 1807 intentione
698 1742 837 1806 diffusus
863 1742 934 1806 sive
959 1740 1061 1805 fatum
1089 1749 1122 1806 et
1140 1743 1347 1806 inmutabilis

176 1867 345 1913 causarum
377 1851 466 1913 inter
499 1869 535 1913 36
568 1849 815 1913 cohaerentium
841 1850 966 1913 series:
1001 1849 1045 1930 id,
1069 1849 1211 1930 iuquam,
1237 1857 1345 1913 actum

175 1967 237 2034 est,
275 1965 310 2021 ut
345 1959 378 2019 in
416 1958 558 2020 alienum
595 1958 771 2022 arbitrium
808 1957 872 2021 nisi
910 1946 1071 2021 vilissima
1106 1974 1255 2035 quaeque
1280 1975 1345 2019 non

176 2063 363 2128 caderent.“
412 2063 545 2128 Primus
581 2064 830 2127 Maximilianus
867 2063 992 2128 Heinze
1029 2062 1096 2144 (die
1132 2064 1240 2128 Lehre
1272 2082 1345 2129 vom

173 2172 284 2247 Logos
302 2171 336 2234 in
354 2170 413 2234 der
426 2171 662 2249 griechischen
676 2170 900 2247 Philosophia.
927 2169 1121 2247 Oldenburg
1136 2176 1220 2235 1872
1232 2189 1262 2247 p.
1278 2167 1346 2253 90),

174 2286 243 2340 tum
270 2277 331 2340 Ed.
356 2277 466 2339 Zeller
493 2277 556 2357 IH,
582 2281 612 2340 1³
645 2283 729 2343 1880
766 2297 795 2356 p.
832 2283 892 2341 145
919 2278 992 2341 adn.
1014 2277 1055 2357 1),
1080 2285 1149 2341 tnm
1175 2277 1346 2355 Adolphus

177 2382 372 2470 Bonhoeffer
398 2383 464 2464 (die
489 2384 594 2448 Ethik
619 2384 675 2447 des
700 2384 855 2449 Stoikers
872 2384 1022 2462 Epiktet.
1063 2385 1235 2464 Stuttgart
1262 2388 1347 2448 1894

176 2510 205 2567 p.
221 2488 299 2572 884)
325 2510 388 2554 116
413 2500 521 2554 mente
552 2492 587 2555 in
612 2492 724 2556 verbis
757 2493 991 2571 ,incorporalis
1015 2493 1114 2556 ratio’
1139 2491 1347 2556 offenderunt

174 2616 278 2675 eaque
304 2617 375 2661 cum
400 2616 480 2662 vera
506 2605 663 2676 certaque
688 2599 786 2662 huius
810 2606 923 2663 sectae
941 2598 1120 2676 disciplina
1137 2599 1227 2662 nullo
1252 2597 1346 2662 modo

174 2706 365 2768 consentire
402 2713 612 2771 censuerunt.
660 2706 876 2770 Notissimum
913 2706 999 2768 enim
1032 2706 1218 2769 Stoicorum
1263 2704 1346 2767 illud

173 2811 293 2891 dogma
317 2818 378 2890 est,
404 2812 523 2891 omnia,
548 2810 778 2892 quaefaoiant,
798 2813 897 2876 etiarn
915 2830 1057 2876 summas
1075 2812 1219 2875 omnium
1234 2829 1345 2894 rerum

174 2937 302 2998 causas,
334 2936 454 2995 corpus
487 2935 572 2980 esse.
620 2918 712 2999 Quod
743 2938 813 2983 cum
840 2919 965 2983 Seneca
990 2927 1107 2997 postea
1132 2919 1166 2981 in
1192 2918 1346 2996 epistolis

175 3020 299 3106 (1173)
329 3045 424 3088 sunm
454 3024 558 3088 faciat
597 3025 742 3104 itemque
775 3027 810 3089 in
845 3026 1056 3090 naturalibus
1094 3025 1346 3104 quaestionibus

175 3129 351 3213 (111014)
378 3132 472 3196 deum
496 3139 602 3195 totum
627 3133 791 3196 rationem
817 3151 891 3197 esse
917 3131 1105 3213 contendat,
1131 3131 1211 3194 deus
1236 3140 1345 3196 autem

175 3236 214 3299 de
239 3238 382 3301 Zenonis
407 3239 651 3318 Chrysippique
677 3241 845 3303 sententia
878 3257 998 3317 corpus
1024 3240 1079 3318 sit,
1105 3238 1181 3316 quid
1206 3239 1345 3301 meliora

173 3343 246 3406 iure
272 3351 482 3420 expectamus
507 3363 601 3424 quam
628 3347 790 3434 rationem
817 3363 947 3425 quoque
970 3345 1003 3408 in
1030 3346 1226 3423 corporibus
1244 3343 1345 3407 duci?

174 3450 266 3516 Unus
291 3452 500 3515 Anothonius
525 3452 600 3515 Aall
626 3452 708 3534 (Der
733 3453 853 3531 Logos.
872 3452 900 3516 Ι.
927 3453 1017 3528 Lips.
1037 3457 1121 3515 1896
1147 3470 1177 3528 p.
1206 3457 1267 3514 110
1285 3455 1344 3528 sq.)

172 3556 339 3636 refragari
376 3565 410 3621 61
445 3560 548 3623 verba
583 3559 643 3623 illa
681 3559 857 3623 defendere
894 3567 1032 3623 conatus
1058 3567 1126 3636 est,
1156 3558 1254 3622 huius
1279 3559 1345 3622 viri

173 3663 262 3728 docti
300 3665 497 3730 sententiam
535 3667 568 3729 in
606 3667 871 3730 controversiam
908 3664 1072 3729 adducere
1108 3665 1189 3728 mihi
1229 3665 1342 3728 liceat.

175 3771 244 3834 Hoc
269 3789 367 3835 unum
398 3774 626 3849 praemittam:
658 3772 736 3837 Cum
769 3775 808 3835 Α.
834 3773 911 3835 Α611
936 3773 1061 3836 acriter
1085 3756 1120 3835 in
1144 3773 1237 3849 istas,
1264 3789 1344 3849 quas

173 3895 252 3940 usus
276 3880 416 3956 recepit,
434 3880 648 3957 aequationes
666 3879 730 3958 dei,
757 3878 829 3957 fati,
854 3880 1009 3958 rationis
1031 3877 1263 3956 providentiae
1281 3885 1343 3942 eto.

176 3983 357 4065 invehitur,
392 3986 594 4050 concedatur
628 4004 722 4065 sane,
748 3985 879 4050 Stoicos
903 4005 968 4049 non
993 3986 1075 4049 haec
1101 3985 1208 4048 omnia
1232 3982 1344 4048 confu-

174 4088 263 4152 disse
288 4099 322 4154 et
339 4094 470 4156 occulta
488 4092 645 4170 quaedam
666 4093 811 4172 vestigio
828 4091 1079 4156 distinctionum
1098 4090 1344 4168 deperditarum

173 4213 365 4273 superesse:
390 4207 425 4263 at
449 4198 531 4261 nihil
556 4199 619 4262 hoc
643 4199 683 4263 ad
707 4216 776 4262 rem
802 4200 934 4265 attinet.
983 4197 1139 4278 Quamvis
1163 4196 1344 4260 distinctae

173 4305 258 4366 enim
284 4305 437 4369 notiones
462 4305 542 4368 illae
567 4307 656 4368 inter
680 4304 868 4384 sciuerint,
893 4304 980 4368 nihil
996 4302 1144 4381 impedit,
1170 4304 1343 4381 quominus
