3224 4964
639 355 857 414 ..25-

158 563 232 608 num
271 544 382 607 omnia
419 543 557 608 fulmina
593 564 611 607 a
651 545 736 610 Jove
783 545 978 624 mittantur,
1019 545 1139 607 etiam·
1160 541 1333 621 pestilera,

158 651 348 732 respondet,
384 670 447 714 non
486 653 595 714 omnia
631 652 760 730 quidem
788 652 916 716 aJove
942 650 1040 729 mitti,
1065 649 1124 714 sed
1148 651 1198 713 sie
1223 650 1333 712 omnia

159 775 233 821 esse
258 758 431 835 disposita,
465 766 501 822 ut
535 758 632 822 etiam
664 776 747 836 quae
772 759 812 821 ab
838 758 897 821 illo
922 776 985 820 non
1010 756 1100 836 fiant,
1126 765 1237 820 tamen
1261 757 1333 819 siue

158 865 288 928 ratione
324 883 387 928 non
423 864 513 945 liant,
553 883 636 943 qnae
672 865 766 928 illius
802 865 856 928 sit.
907 863 1007 943 „Nam
1045 864 1187 943 etiamsi,
1212 862 1331 943 inquit,

158 972 180 1035 J
184 972 316 1049 uppiter
333 973 392 1036 ille
409 991 472 1036 non
492 971 575 1038 facit
590 991 687 1053 nunc,
701 972 862 1050 luppiter
878 971 970 1050 fecit,
988 979 1024 1035 ut
1041 971 1168 1037 fierent.
1186 970 1333 1049 Singulis

158 1097 223 1142 non
248 1078 341 1143 adest
366 1088 399 1144 et
423 1087 532 1144 tamen
557 1081 624 1145 vim
642 1087 824 1143 etcausam
843 1087 876 1143 et
894 1097 1022 1142 menum
1042 1078 1190 1142 omnibus
1209 1075 1332 1141 dedit.“

160 1185 237 1248 Cum
275 1205 338 1249 nou
376 1187 506 1264 babeat,
543 1185 628 1263 quod
665 1186 803 1265 liqueat,
839 1185 958 1248 idonea
983 1185 1199 1249 excusatione
1225 1185 1333 1248 utitur

158 1291 344 1368 adfirmans,
370 1273 403 1356 in
430 1292 584 1356 maiorem
610 1290 835 1370 quaestionem
862 1310 897 1355 se
923 1293 1049 1369 vocari,
1075 1290 1127 1354 eui
1151 1309 1229 1356 suus
1252 1289 1331 1369 dies,

158 1418 237 1462 suus
262 1401 356 1463 locus
381 1398 507 1464 dandus
533 1399 586 1466 sit.
624 1398 743 1462 Omnia
767 1405 875 1463 autem
901 1406 1073 1462 transacta
1097 1405 1131 1461 et
1149 1398 1333 1474 composita

158 1524 232 1570 esse
259 1506 425 1583 videntur,
462 1507 569 1583 prime
604 1506 736 1570 scilieet
773 1505 896 1584 speeie,
921 1506 954 1569 in
981 1505 1199 1586 dial.l,5,8:
1248 1505 1332 1584 „Ille

157 1614 229 1692 ipse
266 1614 407 1676 omnium
444 1612 598 1676 conditor
634 1621 667 1676 et
691 1621 806 1677 rector
839 1613 978 1691 scripsit
1013 1611 1142 1691 quidem
1169 1611 1249 1692 fata,
1275 1611 1331 1675 sed

158 1720 320 1796 sequitur.
383 1719 519 1798 Semper
559 1728 664 1797 paret,
712 1720 814 1783 semel
854 1718 987 1785 iussit.“
1051 1719 1168 1784 Omnia
1208 1719 1332 1798 optime

159 1825 339 1905 quadrant:
364 1846 489 1892 summa
514 1845 623 1891 rerum
641 1843 741 1906 penes
760 1826 838 1890 deos
858 1833 910 1891 est
932 1827 1096 1904 simulque
1114 1825 1332 1890 inexorabilis

158 1934 208 1998 vis
233 1934 295 1998 fati
320 1935 444 1998 nullum
470 1934 554 1999 facit
579 1935 824 1999 detrimentum.

264 2061 381 2124 Altera
406 2062 559 2139 quaestio
578 2068 662 2140 erat,
688 2059 850 2138 quomodo
868 2060 955 2123 mala
972 2078 1045 2124 oum
1063 2060 1197 2123 deorum
1216 2059 1330 2136 benig-

157 2165 262 2228 nitate
288 2167 515 2231 eonvenirent.
563 2167 768 2243 Frequentia
804 2167 962 2244 locorum,
1000 2165 1119 2245 quibus
1155 2174 1331 2244 utrumque

161 2273 354 2335 consociare
384 2273 508 2354 studet,
541 2272 735 2336 documento
761 2281 822 2353 est,
848 2273 984 2337 multum
1011 2272 1233 2337 dubitationis
1259 2276 1331 2336 eruss

159 2378 332 2456 elatusque
369 2397 440 2442 eam
474 2397 542 2442 rem
591 2379 784 2458 philosopho
831 2381 998 2446 attulisse.
1063 2379 1167 2444 Primi
1207 2379 1330 2459 dialogi

156 2496 264 2549 ratum
301 2502 506 2566 responsum,
542 2485 573 2550 iu
611 2505 674 2565 quo
711 2487 823 2565 aliquo
860 2487 955 2552 modo
981 2488 1240 2568 aequiescamus
1265 2506 1330 2551 non

155 2593 289 2657 hebent.
329 2593 418 2657 Mala
443 2595 572 2674 adsunt,
598 2593 773 2659 toleranda
790 2602 877 2675 suut,
903 2595 1116 2674 despicienda
1133 2603 1220 2675 sunt,
1245 2594 1331 2658 nihil

156 2701 308 2780 amplius.
366 2701 422 2778 ,Iu
459 2701 522 2778 1111,
559 2702 678 2781 inquit,
716 2719 798 2780 quae
835 2703 920 2766 mela
944 2711 1117 2783 vocantur,
1154 2701 1238 2766 nihil
1261 2710 1331 2766 tam

155 2808 310 2872 terribile
346 2827 385 2872 ac
422 2807 537 2871 durum
573 2809 707 2872 invenio
744 2827 839 2887 quam
871 2810 989 2889 opinio
1024 2810 1117 2888 volgi
1143 2808 1331 2874 minabatur

158 2915 239 2977 111.“
279 2915 371 2994 (dial.
386 2915 463 2995 XII,
484 2921 514 2996 5,
534 2922 571 2994 6,
609 2915 647 2980 ef.
690 2915 789 2980 etiam
830 2916 904 2979 dial.
924 2917 980 2994 Vl,
1003 2922 1031 2987 5,
1054 2912 1097 2998 6).
1145 2916 1194 2980 De
1219 2918 1330 2982 causis

158 3021 315 3084 malorum
348 3029 423 3086 ante
460 3022 1092 3102 11111111111111111111111111
1140 3022 1330 3104 „Quaedam

158 3135 244 3207 sunt,
270 3129 388 3208 inquit,
424 3148 507 3208 quae
544 3149 607 3192 non
644 3147 764 3193 nocere
799 3139 937 3208 possunt
961 3131 1150 3208 nullamque
1174 3131 1240 3195 vim
1265 3129 1331 3192 nisi

158 3233 335 3298 beneficam
371 3243 405 3300 11
440 3237 620 3300 salutarem
657 3236 791 3317 habent,
827 3244 864 3301 ut
900 3237 932 3300 di
957 3238 1163 3317 inmortales
1188 3237 1245 3315 qui
1269 3253 1330 3299 neo

156 3343 273 3408 volunt
298 3344 415 3408 obesse
433 3362 493 3406 nec
511 3350 656 3423 possunt.
697 3343 825 3408 Natura
842 3345 928 3408 enim
946 3345 1017 3408 illis
1041 3344 1131 3408 mitis
1148 3353 1182 3408 et
1200 3342 1330 3422 placida

157 3457 232 3517 est.
253 3501 285 3514 ..
334 3451 512 3514 Dementes
537 3452 645 3529 igitur
673 3456 707 3513 et
736 3451 846 3530 ignari
875 3451 1032 3516 veritatis
1062 3451 1131 3514 illis
1163 3451 1328 3528 imputant

156 3558 330 3622 saevitiam
356 3557 466 3636 111111,
493 3557 673 3620 inmodicos
698 3559 832 3638 imbres,
857 3559 1075 3637 pertinaciam
1100 3559 1231 3638 hiemis,
1257 3577 1329 3622 cum

156 3665 289 3729 interim
316 3665 400 3728 nihil
429 3665 557 3744 horum,
584 3682 667 3743 quae
693 3666 788 3728 nobis
813 3675 933 3730 nocent
958 3673 1174 3745 prosuntque,
1204 3665 1244 3729 ed
1268 3684 1329 3730 uos

156 3774 290 3850 proprie
317 3771 494 3851 dirigatur.
535 3772 607 3835 Non
625 3772 788 3835 animnos
806 3791 906 3836 causa
924 3773 1042 3836 mundo
1060 3791 1171 3837 sumus
1188 3774 1328 3838 hiemem

156 3885 382 3957 aestatemque
407 3879 590 3944 referendi:
616 3897 693 3943 suas
717 3880 784 3944 ista
802 3880 896 3957 leges
914 3882 1047 3962 hubent,
1073 3881 1191 3960 quibus
1216 3880 1329 3946 diviua

156 3993 366 4051 exercentur.
413 3987 518 4051 Nimis
546 4006 603 4050 uos
628 3986 835 4068 suspicimus,
862 3988 891 4052 si
917 3988 1010 4067 digni
1040 3989 1136 4052 nobis
1166 3988 1327 4068 videmur,

156 4097 294 4169 propter
319 4109 400 4168 quos
424 4102 518 4157 tanta
542 4093 769 4160 moveantur.“
812 4095 921 4175 Vides,
938 4114 1003 4158 non
1021 4094 1111 4175 deos,
1136 4095 1193 4157 sed
1216 4113 1328 4158 rerum

156 4205 307 4262 naturam
344 4199 377 4260 in
415 4199 513 4278 culpa
548 4217 632 4280 esse,
668 4202 696 4265 si
734 4203 818 4265 mala
854 4209 942 4266 sunt.
990 4203 1048 4264 Sin
1082 4209 1192 4265 autem
1217 4203 1328 4265 acrius

155 4304 262 4369 instas
287 4313 322 4369 et
345 4305 546 4386 interrogas,
571 4326 654 4371 anne
682 4315 774 4372 totus
804 4308 942 4373 muudus
968 4325 1149 4387 cursusque
1173 4327 1283 4375 rerum
1309 4330 1328 4374 a
