3224 4964
678 363 898 445 ...49...

206 561 302 643 gravi
327 581 510 642 severoque
543 563 674 643 dignius
707 584 802 644 quam
836 565 1067 631 crudelitatem
1101 585 1213 631 eorum
1239 566 1378 631 insatia-

206 671 304 734 bilem
336 670 521 737 insectari?
557 674 603 737 At
638 678 766 735 tantum
802 674 906 753 abest,
944 682 980 738 ut
1013 674 1047 738 in
1083 674 1198 753 primis
1235 673 1378 752 dialogis

206 779 275 842 ulla
300 778 530 857 indignatione
555 779 762 859 exardescat,
787 786 824 844 ut
847 781 880 844 in
906 781 1098 845 duodecimo
1123 781 1257 860 dialogo
1283 782 1378 846 ludos

206 885 497 965 gladiatorumque
534 886 715 950 certamina
753 888 786 950 iu
823 887 953 952 levibus
978 890 1077 952 animi
1104 890 1378 966 occupationibus

208 1001 377 1057 enumeret
413 992 523 1074 (cll,
539 991 571 1076 1)
608 1002 642 1058 et
677 995 711 1058 in
744 994 917 1059 undecimo
953 996 1017 1060 sibi
1055 1004 1211 1060 constans
1246 995 1379 1077 Polybii

207 1098 373 1164 tortunam
397 1102 587 1181 miseretur,
613 1102 666 1164 cui
693 1120 756 1164 non
781 1101 884 1165 liceat
907 1104 1196 1182 „spectaculorum
1213 1103 1378 1167 varietate

207 1207 348 1271 animum
390 1206 561 1271 detinere“
598 1207 641 1286 (c.
656 1213 685 1286 6,
699 1204 745 1288 4).
793 1208 906 1286 Neque
943 1217 1009 1289 est,
1046 1228 1105 1272 cur
1142 1228 1214 1273 eum
1251 1217 1378 1287 septem

208 1315 346 1378 circiter
385 1315 481 1378 annis
519 1322 597 1391 post
643 1314 778 1379 multum
820 1315 859 1379 de
898 1317 960 1380 hac
1000 1318 1167 1381 sententia
1207 1316 1378 1381 destitisse

207 1430 371 1499 putemus.
408 1420 636 1499 Reprehendit
661 1422 790 1500 quidem
809 1424 842 1486 in
861 1422 987 1487 decimo
1006 1423 1138 1501 dialogo
1157 1423 1197 1506 (c.
1214 1430 1264 1505 13,
1280 1427 1379 1500 6-7)

207 1530 400 1607 Pompeium
425 1530 465 1593 ob
489 1548 608 1595 novum
634 1536 796 1608 atroxque
822 1549 926 1608 genus
951 1533 1216 1608 spectaculorum
1236 1541 1269 1596 ot
1286 1534 1379 1597 locus

208 1636 325 1712 plenus
340 1635 590 1701 misericordiae
615 1638 752 1715 iraeque
770 1644 832 1717 est,
858 1637 916 1701 sed
933 1636 1129 1716 diligentius
1147 1641 1378 1716 inspicientem

207 1761 271 1806 non
308 1742 453 1824 effugiet,
488 1744 721 1822 philosophum
758 1763 963 1824 nequaquam
999 1747 1033 1808 in
1069 1746 1157 1809 ludis
1193 1747 1296 1823 ipsis,
1321 1746 1379 1810 sed

207 1857 334 1914 tantum
375 1852 408 1914 in
447 1852 549 1915 nimia
589 1870 700 1916 eorum
738 1851 938 1916 crudelitate
978 1853 1154 1921 offendere.
1207 1854 1380 1918 Sententia

208 1957 333 2022 Seneca
373 1958 473 2037 digua
512 1961 546 2023 in
586 1960 742 2037 epistulis
783 1959 909 2024 demum
950 1962 1109 2042 occurrit,
1152 1961 1205 2025 ubi
1233 1957 1273 2043 (c.
1298 1968 1326 2042 7,
1346 1958 1379 2044 2)

207 2064 363 2144 legimus:
401 2066 513 2145 „Nihil
549 2084 629 2131 vero
665 2073 734 2129 tam
770 2066 959 2130 damnosum
991 2068 1087 2131 bonis
1112 2069 1258 2133 moribus
1284 2088 1378 2148 quam

208 2173 241 2234 in
278 2173 390 2250 aliquo
427 2171 618 2249 spectaculo
657 2170 827 2240 desidere:
863 2181 943 2237 turm
979 2175 1064 2238 enim
1090 2193 1151 2252 per
1175 2176 1379 2254 voluptatem

208 2277 341 2342 facilius
365 2279 451 2343 vitia
475 2279 677 2356 subrepunt.
693 2330 722 2346 ..
759 2280 845 2345 Casu
869 2281 902 2344 iu
920 2281 1136 2346 meridianum
1154 2284 1379 2361 spectaculum

208 2384 311 2448 incidi
335 2386 429 2450 lusus
453 2393 651 2464 exspectaus
688 2394 721 2450 et
745 2387 833 2451 sales
870 2396 910 2453 et·
938 2388 1065 2467 aliquid
1096 2390 1291 2470 laxamenti,
1316 2410 1380 2469 quo

209 2493 375 2556 homiuum
400 2493 489 2557 oculi
521 2494 561 2556 ab
597 2495 738 2557 humano
764 2513 884 2559 cruore
907 2495 1141 2574 adquiescant:
1168 2506 1285 2562 contra
1309 2505 1380 2562 est:

210 2598 374 2680 Quicquid
397 2606 474 2664 ante
499 2608 680 2679 pugnatum
706 2609 769 2682 est,
794 2601 1026 2667 misericordia
1043 2602 1118 2668 init.
1143 2586 1236 2668 Nunc
1249 2605 1380 2668 omissis

208 2708 308 2786 nugis
332 2724 422 2770 mera
447 2706 626 2771 homicidia
650 2715 736 2775 sunt.
773 2709 864 2773 Nihil
889 2710 1021 2790 habeut,
1055 2729 1118 2789 quo
1155 2718 1380 2789 tegantur...

208 2813 279 2878 Nou
304 2815 412 2895 galea,
448 2832 513 2878 non
549 2822 645 2880 scuto
681 2816 859 2892 repellitur
887 2815 1022 2880 ferrum.
1060 2816 1131 2898 Quo
1157 2817 1381 2882 munimenta?

210 2919 280 2999 Quo
306 2920 422 2985 artes?
448 2921 565 2985 Omnia
591 2923 657 2986 ista
681 2923 800 2987 mortis
824 2940 937 2986 morae
962 2931 1127 2992 suut...
1163 2924 1255 2989 Haec
1288 2925 1380 3007 fiunt,

210 3023 283 3089 dum
320 3046 421 3092 arena
456 3026 587 3092 vacat.“
626 3029 688 3092 Hic
725 3029 809 3092 euim
847 3030 989 3095 animum
1025 3050 1043 3094 a
1076 3030 1165 3096 ludis
1190 3032 1381 3111 spectandis

210 3151 361 3197 aversum
380 3135 492 3212 aliqua
513 3143 665 3213 exparte
683 3135 855 3212 patefacit.
893 3140 938 3201 At
956 3145 1073 3202 contra
1090 3137 1175 3203 dixit
1192 3138 1381 3204 [rudovicus

210 3238 453 3304 Friedlaender
479 3243 603 3322 (Ueber
628 3241 956 3321 Gladiatorenspiele
993 3245 1056 3308 und
1092 3246 1315 3310 Tbierhetzen
1340 3267 1382 3310 uu

210 3346 293 3410 Rom
328 3347 363 3410 in
399 3347 457 3411 der
492 3348 692 3418 Kaiserzeit.
740 3351 859 3419 Rbein.
884 3351 968 3414 Mus.
982 3352 1024 3431 X,
1040 3358 1124 3416 1856
1138 3372 1169 3431 p.
1185 3355 1270 3434 577),
1296 3354 1381 3417 eius-

211 3452 297 3516 modi
333 3454 424 3517 locos
460 3455 589 3520 nonnisi
620 3456 661 3520 ad
696 3458 826 3521 subitas
856 3457 1013 3535 quasdam
1050 3478 1252 3538 magnasque
1282 3460 1380 3524 animi

210 3562 447 3626 commotiones
472 3560 666 3627 referendos
691 3582 763 3628 esse
787 3572 893 3631 ratus.
918 3561 963 3646 (v.
978 3565 1248 3648 etiamdial.IX‚
1263 3573 1293 3646 2,
1316 3565 1381 3650 13).

210 3666 313 3748 Quam
338 3669 527 3747 opinionem
552 3669 617 3734 etsi
641 3671 705 3734 iam
731 3671 768 3734 F.
788 3671 863 3736 Chr.
882 3673 972 3736 Baur
997 3669 1093 3754 (Drei
1116 3673 1381 3754 Abhandlungen

210 3793 270 3838 zur
294 3776 496 3841 Geschichte
521 3775 581 3840 der
596 3777 688 3841 alten
704 3777 921 3856 Philosophie
941 3777 1005 3842 und
1023 3779 1114 3845 ihres
1131 3780 1382 3846 Verhdltnisses

211 3899 280 3943 zum
306 3882 543 3948 Christentum.
580 3884 652 3948 Neu
674 3884 830 3964 herausg.
848 3903 913 3950 von
936 3884 996 3950 Ed.
1013 3887 1135 3969 Zeller‚
1160 3888 1274 3966 Leipz.
1296 3894 1380 3952 1876

210 4005 241 4064 p.
255 3990 329 4064 431)
355 3991 560 4068 argumentis
593 3992 678 4056 satis
712 3991 924 4058 evidentibus
948 3992 1122 4075 refutavit,
1147 4002 1256 4059 tamen
1281 3995 1380 4059 alium

211 4093 371 4172 quendam
399 4096 615 4174 epistularum
649 4100 757 4164 locum
792 4100 936 4180 afferam,
964 4100 1050 4165 unde
1074 4108 1199 4182 pateat,
1224 4102 1382 4166 Senecam

210 4201 309 4265 etiam
334 4202 518 4281 tranquillo
554 4205 662 4269 animo
696 4206 729 4270 in
766 4209 972 4286 cogitatione
1001 4208 1143 4272 defixum
1168 4207 1206 4272 de
1232 4210 1383 4287 quolibet

209 4309 476 4387 spectaculorum
506 4328 629 4391 genere
662 4312 755 4376 idem·
779 4315 936 4378 sensisse.
972 4315 1080 4378 Locus
1104 4315 1139 4379 in
1164 4321 1281 4399 ep.80‚
1297 4322 1381 4382 1-3
