3224 4964
673 452 891 512 ..45-

198 643 341 720 optimus
367 643 518 707 civitatis
542 649 651 708 status
676 644 736 707 sub
760 661 840 722 rege
865 643 953 707 iusto
978 641 1054 706 sit.“
1081 642 1133 706 Ex
1150 642 1263 706 eodem
1281 643 1367 705 libro

198 751 297 814 etiam
323 750 386 812 hoc
411 749 630 830 intellegitur,
656 749 814 814 Senecam
848 749 887 813 de
913 751 1023 814 causis
1047 751 1145 813 huius
1176 749 1369 814 mutationis

197 856 391 920 meditatum
417 874 500 921 esse.
548 858 688 921 Brutum
713 858 799 921 enim
825 858 975 937 corripit,
1001 856 1087 936 qnod
1121 858 1187 936 „ibi
1220 858 1370 935 speravit

197 965 388 1028 libertatem
413 964 571 1044 futuram,
596 965 650 1028 ubi
677 972 744 1028 tam
771 983 922 1042 magnum
947 965 1129 1041 praemium
1156 971 1229 1028 erat
1254 970 1287 1028 et
1311 965 1369 1027 im-

197 1071 337 1149 perandi
369 1077 402 1135 et
436 1072 615 1153 serviendi,
641 1079 698 1136 aut
723 1072 943 1150 existimavit,
969 1073 1139 1136 civitatem
1164 1073 1197 1135 in
1223 1072 1368 1149 priorem

196 1177 333 1242 formam
359 1197 455 1256 posse
479 1180 634 1244 revocari
659 1180 791 1243 amissis
815 1180 969 1257 pristinis
993 1179 1141 1243 moribus
1158 1179 1369 1258 futuramque

197 1285 242 1349 ibi
268 1286 506 1365 aequalitatem
532 1285 643 1351 civilis
668 1287 752 1349 iuris
777 1293 811 1350 et
835 1294 983 1350 staturas
1008 1305 1067 1351 suo
1093 1287 1167 1350 loco
1184 1287 1287 1366 leges
1313 1286 1368 1349 ubi

196 1392 329 1458 viderat
352 1401 404 1457 tot
428 1393 520 1456 milia
543 1393 708 1457 hominum
734 1394 928 1473 pugnantia,
953 1412 1017 1456 non
1042 1412 1083 1456 an
1108 1394 1286 1473 servirent,
1312 1391 1369 1456 sed

197 1499 287 1564 utri‘
313 1497 353 1581 (c.
370 1497 480 1583 2112).
516 1500 629 1579 Neque
655 1500 772 1578 effugit
797 1519 880 1582 eum,
906 1519 1025 1565 causas
1044 1502 1221 1566 servitutis
1238 1502 1272 1564 in
1297 1502 1370 1578 ipsa

197 1609 246 1670 rei
271 1607 426 1685 publicae
450 1615 601 1686 tempora
624 1607 858 1672 transferenda
873 1625 965 1697 esse.
1013 1608 1052 1672 In
1077 1608 1193 1685 quinto
1220 1609 1306 1671 enim
1331 1607 1370 1671 de

197 1715 369 1778 benefieiis
393 1714 481 1778 libro
505 1719 546 1792 (c.
563 1720 614 1796 16,
628 1714 728 1796 4-5)
754 1716 969 1780 vehementer
986 1715 1175 1793 Pompeium
1203 1717 1370 1795 obiurgat,

198 1823 254 1900 qui
279 1823 542 1900 ingratissimum
574 1840 655 1902 erga
687 1840 755 1885 rem
790 1823 958 1901 publicam
989 1841 1025 1886 se
1049 1813 1244 1901 praebuerit
1268 1840 1370 1900 popu-

197 1928 329 2007 lumque
354 1929 533 1994 Romanum
566 1948 604 1993 eo
635 1929 821 2012 redegerit,
849 1936 906 2011 „ut
929 1930 1043 1995 salvus
1069 1948 1141 1994 esse
1165 1948 1230 1993 non
1254 1938 1369 2007 posset

196 2036 262 2100 nisi
286 2037 446 2101 beneficio
472 2036 679 2117 servitutis,“
706 2038 920 2101 vehementer
943 2038 1070 2102 Julinm
1096 2038 1282 2117 Caesarem,
1315 2037 1369 2115 qui

197 2143 353 2208 aGallia
390 2143 634 2222 Germaniaque
671 2144 792 2207 bellum
829 2145 863 2207 in
899 2144 1012 2207 urbem
1050 2145 1288 2224 circumegerit
1325 2151 1368 2225 et,

198 2269 268 2313 oum
298 2249 496 2327 plebiculam
524 2251 784 2329 popularemque
822 2269 857 2314 se
886 2259 1033 2332 gereret,
1064 2259 1175 2316 castra
1210 2251 1244 2314 in
1279 2253 1368 2314 circo

198 2356 362 2420 Flaminio
380 2358 542 2438 posuerit,
562 2359 699 2436 propius
717 2377 812 2437 quam
830 2359 999 2423 Porsenae
1016 2358 1170 2423 fuissent.
1201 2358 1239 2422 In
1257 2357 1368 2421 eadem

199 2482 262 2541 qua
287 2463 577 2544 reuerentiae
607 2467 777 2530 sententia
812 2467 912 2531 etiam
949 2484 1000 2543 ep.
1016 2469 1066 2547 14,
1088 2471 1216 2530 12-13
1241 2472 1371 2543 perstat

199 2571 355 2636 Catonem
391 2572 649 2653 reprebendens
687 2573 773 2652 quod
818 2572 998 2638 furentium
1035 2573 1220 2652 principum
1269 2574 1370 2636 armis

197 2678 324 2742 medius
349 2681 589 2747 intervenerit:
628 2679 735 2761 „Quid
774 2681 838 2745 tibi
873 2682 935 2762 vis,
972 2681 1089 2760 inquit,
1126 2681 1239 2745 Marce
1264 2680 1371 2745 Cato?

196 2787 271 2851 Jam
296 2805 361 2850 non
378 2788 492 2866 agitur
509 2787 547 2850 de
565 2788 739 2855 libertate:
765 2789 843 2851 olim
863 2788 1074 2865 pessumdata
1091 2796 1152 2852 est.
1179 2787 1370 2867 Quaeritur,

197 2900 307 2957 utrum
344 2894 466 2958 Caesar
502 2912 542 2958 an
579 2894 758 2984 Pompeius
794 2893 965 2972 possideat
988 2913 1059 2958 rem
1083 2894 1265 2972 publicam:
1292 2894 1369 2972 quid

197 3000 260 3063 tibi
284 3020 356 3065 cum
379 3001 446 3066 ista
470 3001 706 3066 contentione?
741 3001 861 3066 Nullae
878 3010 992 3079 partes
1009 3008 1087 3066 tuae
1104 3008 1191 3069 sunt.
1210 3002 1370 3066 Dominus

198 3107 350 3186 eligitur:
376 3109 454 3188 quid
478 3116 546 3190 tua,
584 3117 659 3173 uter
694 3108 855 3176 uincat?“
890 3109 1045 3174 Ceterum
1070 3129 1135 3173 non
1159 3110 1287 3189 habuit,
1312 3127 1371 3172 cur

199 3213 238 3277 de
262 3232 299 3278 re
325 3215 477 3281 confecta
501 3217 705 3296 disputaret:
740 3236 803 3281 uno
835 3218 982 3281 alterore
1015 3218 1100 3297 loco,
1125 3217 1182 3280 ubi
1206 3235 1277 3281 eam
1300 3234 1369 3279 rem

197 3320 320 3386 leviter
342 3324 463 3402 tangit,
489 3334 628 3402 excepto
648 3325 752 3400 (velut
769 3343 820 3403 ep.
835 3330 887 3404 51,
907 3330 944 3388 11
964 3331 998 3389 61
1014 3331 1067 3405 87,
1085 3322 1141 3406 41)
1158 3324 1193 3387 in
1213 3323 1370 3401 epistulis

197 3429 366 3494 silentium
392 3431 531 3498 obtinet.

304 3557 349 3621 At
374 3557 473 3620 etiam
498 3557 665 3621 Romanus
691 3575 764 3621 esse
790 3558 895 3636 magis
920 3558 1094 3635 magisque
1119 3555 1289 3623 dedidicit.
1329 3557 1368 3621 In

197 3664 314 3740 primis
350 3663 480 3742 quidem
518 3663 662 3742 dialogis
697 3683 752 3729 res
788 3672 902 3743 gestas
938 3664 1052 3742 populi
1089 3664 1227 3728 Romani
1264 3662 1370 3728 adhuc

197 3769 307 3833 studio
348 3779 382 3836 et
418 3789 529 3836 amore
566 3771 707 3850 quodam
744 3772 971 3850 prosequitur.
1019 3772 1058 3836 ln
1094 3779 1189 3835 sexto
1227 3772 1369 3835 Drusum

197 3874 328 3955 laudat3
360 3897 432 3942 nam
473 3879 681 3958 „intraverat
715 3879 848 3955 penitus
875 3878 1083 3942 Germaniam
1110 3886 1143 3942 et
1167 3879 1213 3942 ibi
1239 3879 1369 3956 signum

197 3983 336 4047 Romani
369 3983 522 4067 fixerunt,
555 3987 612 4051 ubi
644 3987 701 4053 vix
733 3987 821 4067 ullos
847 4005 920 4050 esse
945 3986 1111 4050 Romanos
1135 3994 1248 4049 notum
1275 3983 1369 4050 erat“

198 4089 239 4172 (c.
255 4096 283 4171 3,
302 4091 351 4169 1);
376 4091 409 4154 in
435 4091 627 4158 duodecimo
653 4095 966 4159 commemoratione
993 4094 1127 4172 dignum
1154 4093 1255 4172 ducit,
1290 4093 1370 4157 dues

198 4197 319 4262 civium
355 4199 577 4264 Romanorum
614 4200 761 4266 colonias
796 4202 830 4264 in
874 4202 1043 4266 Corsicam
1080 4199 1238 4263 deductas
1286 4218 1369 4281 esse,

198 4306 337 4370 alteram
363 4325 382 4370 a
408 4306 522 4386 Mario,
548 4308 688 4372 alteram
713 4327 733 4372 a
757 4307 849 4373 Sulla
883 4307 924 4386 (o.
942 4312 1034 4387 7,9);
1072 4305 1263 4371 undecimus
1288 4308 1370 4372 haec

196 4414 361 4492 principis
387 4415 490 4479 verba
514 4415 633 4478 babet:
672 4415 816 4495 „Caesar
840 4422 978 4493 patruus
1002 4432 1094 4479 meus
1120 4414 1262 4479 Drusum
1288 4417 1370 4480 Ger·
