3224 4964
733 349 863 408 ..30
913 381 952 389 --

260 537 380 601 finibus
415 539 499 603 sutis
535 540 667 618 exiguis
701 541 865 604 contineri
898 539 1064 604 videntur.
1113 539 1327 604 Dilantantur
1351 539 1432 604 fines

261 646 293 707 iu
318 645 405 709 libro
429 646 536 710 altero
562 647 600 710 do
627 646 733 714 benef.
759 629 913 730 c.19‚l;
939 647 992 712 vel
1018 648 1117 711 noxia
1135 645 1293 710 beneficia
1317 654 1432 724 petere

260 751 397 816 affectus
424 759 491 817 est:
528 753 652 832 „Saepe
678 755 779 832 enim,
815 755 933 832 inquit,
958 755 1059 817 noxia
1084 753 1346 830 concupiscimus
1370 772 1432 818 nec

260 859 425 936 dispicere
443 879 537 938 quam
556 861 746 939 perniciosa
762 860 829 925 sint
846 862 936 930 licet,
962 862 1040 938 quia
1057 861 1212 924 iudicium
1236 861 1432 939 interpellat

260 965 428 1030 affectus.“
481 967 689 1031 [ratissimum
722 976 830 1032 autem
863 969 905 1031 iis
938 983 1086 1047 campum
1118 967 1176 1031 dat
1205 969 1238 1031 in
1264 969 1430 1047 epistulis

262 1074 317 1136 ubi
344 1073 441 1137 etiam
475 1073 644 1138 libidinem
683 1075 844 1139 moriendi
870 1077 904 1138 in
929 1074 1104 1140 affectibus
1127 1083 1300 1139 numerat:
1351 1074 1431 1154 „Vir

260 1179 357 1243 fortis
381 1198 420 1243 ac
445 1181 576 1260 sapiens
601 1200 664 1245 non
690 1180 807 1259 fugere
832 1181 930 1245 debet
948 1200 964 1244 e
982 1181 1060 1261 vita,
1086 1181 1144 1245 sed
1166 1183 1270 1261 exire,
1295 1189 1329 1245 et
1353 1189 1429 1245 ante

260 1287 369 1350 omnia
404 1288 462 1351 ille
503 1306 632 1367 quoque
667 1289 794 1353 uitetur
830 1288 988 1369 affectus
1025 1290 1082 1367 qni
1117 1275 1239 1354 multos
1280 1297 1429 1368 occupat,

260 1394 363 1458 libido
388 1394 561 1458 moriendi.
599 1396 661 1460 Est
686 1397 782 1476 enim,
809 1397 851 1460 mi
876 1397 996 1476 Lucili,
1022 1403 1059 1460 nt
1083 1396 1124 1460 ad
1149 1397 1226 1478 alia,
1256 1397 1305 1460 sic
1330 1397 1428 1460 etiam

259 1501 299 1564 ad
325 1501 527 1566 moriendum
554 1503 743 1566 inconsulta
768 1504 869 1566 animi
894 1503 1080 1583 inclinatio,
1105 1521 1189 1581 quae
1215 1518 1314 1583 saepe
1331 1521 1430 1582 gene·

260 1626 354 1671 rosos
390 1608 474 1672 etc.“
512 1609 576 1688 (ep.
600 1607 739 1691 idib).
790 1610 837 1672 Ad
875 1609 1078 1688 propositum
1114 1619 1224 1675 autem
1264 1617 1429 1678 revertar.

260 1716 411 1779 Vidimus
436 1715 574 1780 affectus
599 1724 633 1780 et
657 1717 690 1779 in
716 1716 830 1796 primis
849 1724 882 1780 et
900 1717 931 1779 in
950 1718 1128 1796 postremis
1146 1717 1283 1796 scriptis
1309 1717 1428 1796 passim

260 1823 344 1886 vitia
369 1822 541 1901 appellari.
592 1825 635 1888 At
670 1822 795 1887 Seneca
831 1824 866 1887 in
898 1825 960 1888 hac
995 1842 1032 1887 re
1066 1842 1130 1886 non
1161 1825 1363 1902 acquiescit3
1396 1824 1429 1886 in

260 1929 415 2008 epistulis
431 1948 518 1995 nova
535 1929 692 2008 quaedam
711 1930 882 1994 distinctio
901 1931 1066 1994 occurrit:
1092 1931 1240 1995 Affectus
1257 1950 1276 1994 a
1303 1931 1428 1994 morbis

259 2037 359 2100 animi
377 2045 613 2101 secernuntur:
641 2035 746 2118 „Quid
764 2038 854 2102 inter
870 2039 1003 2102 morbos
1020 2039 1131 2116 animi,
1149 2039 1269 2116 inquit,
1294 2038 1430 2100 intersit

260 2151 294 2205 et
318 2140 454 2207 affectus
479 2160 577 2223 saepe
602 2145 666 2207 iam
693 2143 761 2208 dixi
788 2141 966 2226 (incertum
991 2155 1053 2226 est,
1077 2144 1156 2223 ubi).
1193 2145 1286 2208 Nunc
1301 2162 1429 2234 quoqne

258 2258 292 2313 te
317 2250 514 2314 admonebo:
552 2252 656 2314 morbi
682 2260 759 2316 sunt
783 2253 972 2316 inveterata
995 2253 1080 2317 vitia
1105 2259 1139 2316 et
1163 2252 1262 2332 dura,
1293 2260 1330 2316 nt
1354 2270 1429 2317 ava-

258 2357 347 2436 ritia,
381 2365 418 2421 nt
450 2358 587 2421 ambitio
620 2359 732 2424 nimia.
781 2359 894 2422 Altius
919 2360 1001 2423 haec
1026 2361 1166 2423 animum
1193 2359 1430 2439 implicuerunt

259 2470 292 2527 et
315 2473 477 2545 perpetua
512 2466 583 2529 eius
620 2466 706 2529 mala
731 2483 803 2528 esse
829 2473 1019 2545 coeperunt.
1066 2467 1111 2531 Ut
1137 2467 1285 2531 breviter
1308 2466 1428 2546 finiam,

259 2573 392 2635 morbus
418 2580 469 2634 est
505 2571 663 2636 indicium
688 2573 720 2636 in
747 2588 849 2652 pravo
875 2573 1040 2654 pertinax,
1065 2580 1230 2652 tamquam
1255 2573 1350 2639 valde
1375 2591 1429 2635 ex-

259 2679 400 2758 petenda
424 2678 500 2760 sint,
526 2698 609 2758 quae
635 2679 756 2745 leviter
780 2679 965 2759 expetenda
990 2691 1129 2747 sunt...
1168 2679 1315 2744 Affectus
1351 2687 1428 2742 sunt

258 2794 365 2850 motus
390 2787 489 2850 animi
516 2787 761 2866 improbabiles
787 2789 891 2852 subiti
916 2796 949 2852 et
967 2789 1137 2868 concitati,
1163 2788 1218 2866 qui
1236 2786 1426 2863 frequentes

257 2892 471 2972 neglectique
503 2892 614 2957 iecere
649 2896 885 2963 morbum...
932 2895 1050 2974 ltaque
1075 2895 1130 2973 qni
1155 2892 1328 2972 plurimum
1354 2907 1427 2970 pro-

258 3001 380 3081 iecere,
406 3010 501 3064 extra
527 3001 657 3064 morbos
682 3010 775 3064 sunt.
815 3001 951 3066 affectus
976 3003 1081 3065 adhuc
1105 2999 1254 3064 sentiunt
1276 2997 1427 3078 perfectu

259 3107 429 3186 proxirni.“
468 3109 530 3186 (ep.
558 3113 609 3188 75,
633 3114 785 3184 11-12).
832 3110 885 3173 lta·
933 3109 1072 3173 affectus
1110 3108 1195 3171 nihil
1235 3105 1326 3170 aliud
1364 3105 1427 3168 nisi

259 3215 441 3280 deminutio
467 3213 625 3293 quaedam
650 3217 839 3280 morborum
864 3218 964 3281 animi
990 3224 1068 3280 sunt
1084 3216 1234 3294 nihilque
1259 3211 1429 3277 difficilius

261 3321 392 3386 videtur
426 3341 521 3401 quam
558 3341 615 3387 cos
651 3325 842 3388 accuratius
877 3324 1080 3388 describere.
1137 3324 1242 3386 Porro
1272 3322 1301 3384 si
1336 3320 1429 3399 parvi

259 3429 397 3494 allectus
423 3431 518 3508 quasi
544 3432 734 3509 praenuntii
759 3432 1034 3510 gravissimorum
1054 3431 1213 3494 malorum
1232 3436 1319 3508 sunt,
1346 3427 1429 3491 unde

172 3601 174 3606 .
259 3536 397 3600 affectus
435 3538 500 3616 ipsi
538 3537 737 3602 ordiuntur?
778 3544 803 3602 A
839 3539 982 3602 naturali
1020 3536 1158 3617 quodam
1195 3535 1318 3600 semine
1346 3553 1430 3598 ana
1480 3611 1482 3614 Ι

260 3652 396 3722 peccato
415 3643 627 3708 voluntario?
652 3645 854 3725 Plrilosopho
869 3665 931 3709 non
947 3647 1051 3709 omnis
1065 3644 1241 3724 scrupulus
1259 3648 1430 3720 exemptus

259 3760 292 3814 et
316 3768 372 3812 res
396 3751 528 3814 minime
553 3751 594 3815 ad
618 3752 778 3830 liquidum
806 3753 965 3832 perducta
990 3771 1062 3815 esse
1087 3751 1231 3829 videtur,
1257 3767 1328 3812 cum
1354 3766 1430 3811 cou-

258 3858 398 3921 fidenter
432 3859 636 3936 interrogat:
687 3858 788 3940 „Quis
818 3867 930 3939 negat,
956 3861 1060 3922 omnis
1086 3857 1223 3921 affectus
1248 3854 1429 3934 aquodam

260 3965 354 4044 quasi
380 3965 526 4029 naturali
549 3965 651 4029 fluere
676 3966 884 4045 principio?⁴‘
912 3969 1061 4046 depilet,
1077 3965 1120 4043 3).
1153 3962 1315 4045 Quantum
1341 3963 1429 4024 enim

260 4072 480 4136 dubitationis
504 4073 537 4135 in
563 4074 676 4137 verbis
703 4073 882 4152 „qnod-am‘
911 4083 944 4138 et
971 4074 1105 4153 ‚,quasi“
1130 4072 1236 4136 latere
1254 4066 1430 4150 putamus?

262 4180 388 4243 Deinde
425 4180 452 4244 si
491 4183 587 4260 origo
622 4181 786 4245 naturalis
822 4189 883 4260 est,
921 4180 1082 4260 quomodo
1119 4178 1164 4258 id,
1201 4176 1286 4256 qnod
1311 4186 1432 4241 natura

259 4289 388 4368 gennit,
428 4289 462 4351 in
502 4291 619 4353 uitium
666 4290 754 4353 verti
803 4287 936 4369 potest?
994 4289 1087 4352 Hanc
1128 4286 1353 4366 quaestionem
1395 4290 1432 4347 ut
