3224 4964
669 416 888 474 ,13-

197 605 338 683 spiritns
378 604 578 670 iudicavisse
621 606 819 682 putaverim.
879 603 981 686 Quem
1020 604 1186 682 opinionis
1222 623 1368 668 errorem

198 720 309 777 aetate
335 713 468 789 longius
493 719 673 789 provectus
691 710 839 774 excussit
855 710 916 774 sibi
935 710 1110 791 radicitus,
1135 719 1172 774 ut
1196 728 1236 774 ex
1263 719 1371 776 natur.

198 812 327 898 quaest.
349 819 402 898 Vi,
423 824 461 882 16
493 819 657 897 sequitur,
690 819 746 882 ubi
779 817 932 882 bifariam
969 819 1122 895 spiritum
1160 817 1300 882 dividit:
1337 820 1371 882 in

199 925 346 1002 vitalem,
371 933 535 1006 vegetum,
561 927 669 989 omnia
694 926 837 988 alentem
863 933 897 989 et
921 942 1003 996 eum,
1029 943 1093 1003 qno
1110 933 1203 989 terra
1220 943 1255 988 se
1279 933 1373 989 tenet

199 1052 238 1098 ae
263 1040 375 1110 partes
400 1034 450 1096 sui
477 1033 598 1112 iungit,
624 1033 679 1111 qui
705 1033 795 1095 inest
819 1032 919 1096 etlam
945 1033 1035 1096 saxis
1061 1032 1266 1111 mortuisque
1299 1050 1371 1096 eor·

200 1141 345 1217 boribus.
392 1140 539 1204 Intentio
565 1141 739 1218 utriusque
772 1139 907 1204 diversa
932 1147 983 1202 est
1019 1141 1099 1214 (nat.
1124 1149 1252 1218 quaest.
1272 1139 1372 1220 11,8;

199 1247 324 1313 11111181.
349 1247 462 1311 Stein:
511 1246 574 1309 Die
599 1246 939 1310 Erkenntnistheorie
965 1245 1023 1308 der
1048 1245 1193 1310 Stoiker.
1222 1246 1374 1310 Berliner

199 1354 336 1419 Studien
356 1353 430 1433 Vll,
451 1358 535 1416 1888
560 1351 694 1434 11189).
722 1352 897 1417 Valentior
914 1353 1056 1430 spiritns
1072 1352 1236 1430 imprimis
1253 1354 1372 1418 animis

199 1461 288 1524 inest
318 1469 353 1523 et
385 1461 439 1524 1118
473 1477 602 1538 quoque
626 1459 794 1538 inaequali
821 1460 1006 1524 intentione
1031 1463 1241 1538 (888818).
1267 1460 1372 1524 18118-

200 1566 311 1631 oillior
346 1574 454 1630 autem
491 1566 576 1631 idem
614 1573 666 1630 est
701 1567 787 1645 quod
824 1560 888 1638 ἕξις
927 1566 978 1630 vel
1022 1559 1160 1643 δύναμις
1201 1560 1374 1648 σοοεκτική

200 1674 399 1754 Stoicorum,
425 1692 508 1752 quae
533 1675 674 1751 exempli
702 1673 858 1738 8888818
884 1675 1029 1738 Achillis
1053 1674 1143 1738 Tatii
1168 1675 1306 1754 isagoge
1340 1677 1373 1738 in

203 1780 298 1844 Arati
334 1781 558 1858 phaenomena
594 1799 665 1858 cap.
682 1786 722 1844 14
759 1781 924 1848 occurrit:
958 1775 1045 1840 Ἔστι
1080 1778 1115 1841 δὲ
1151 1773 1216 1852 ἕξις
1240 1782 1373 1857 πνεῦμα

201 1879 346 1963 σώματος
370 1882 561 1948 συνεκτικόν
594 1886 649 1964 (cf.
682 1888 772 1952 Sext.
799 1887 891 1964 Emp.
917 1887 1111 1968 Μ.1Χ,81;
1140 1888 1372 1964 [88918811.

204 1993 274 2074 Vll,
291 1999 368 2072 1393
392 1995 506 2058 Zeller
518 1995 580 2075 ΙΙΙ,
600 1999 632 2058 1³
650 2014 680 2072 p.
696 1996 755 2072 97;
781 1993 906 2059 Ludov.
927 1994 1043 2061 Stein:
1070 1995 1131 2058 Die
1149 1994 1372 2074 Psyohologie

200 2101 258 2164 der
293 2100 382 2166 Stoa.
421 2103 508 2169 Berl.
546 2102 638 2166 Stud.
665 2101 728 2180 ΙΙΙ,
756 2107 839 2166 1886
867 2102 1009 2178 p.143l.
1070 2099 1195 2182 Quodsi
1231 2103 1374 2179 spiritus

200 2227 344 2288 campus,
381 2227 444 2288 quo
481 2209 620 2289 evagari
654 2210 773 2289 possit,
809 2216 876 2273 tam
913 2209 1041 2287 amplus
1074 2216 1135 2289 est,
1161 2216 1198 2273 ut
1223 2210 1374 2272 omnibus
1479 2235 1483 2241 ·

201 2332 312 2378 rerum
343 2317 544 2380 naturalium
577 2317 818 2381 mutationibus
849 2315 1204 2395 vicissitudinibusque
1238 2315 1374 2382 intersit

202 2422 256 2486 vel
287 2423 398 2500 potius
431 2424 568 2504 praesit,
603 2423 679 2502 quid
705 2423 833 2503 mirum,
860 2424 888 2487 si
914 2424 1014 2487 etiam
1040 2424 1091 2487 vis
1116 2422 1284 2502 quaedam,
1310 2442 1374 2503 qua

200 2527 403 2607 reciprocari
441 2537 474 2594 et
510 2530 604 2609 quasi
641 2531 675 2592 iu
710 2547 827 2610 gyrum
864 2529 953 2593 fleoti
992 2540 1102 2610 queat,
1138 2550 1157 2593 8
1188 2531 1311 2594 Stoicis
1342 2533 1372 2595 81

200 2635 431 2700 adtribuitur?
478 2637 531 2701 Ita
561 2637 648 2714 apud
685 2637 855 2701 Philonem
892 2636 1150 2702 Alexandrinum
1181 2634 1299 2720 (opera
1322 2638 1372 2702 ed.

204 2743 395 2824 Wendland‚
412 2752 491 2810 tom.
509 2744 552 2822 ΙΙ,
573 2751 654 2808 1887
676 2765 707 2823 p.
722 2749 776 2820 64)
794 2744 953 2823 legimus:
972 2795 986 2824 „
995 2745 1070 2806 Τῶν
1087 2739 1146 2824 γὰρ
1159 2739 1317 2824 σωμάτων
1333 2738 1373 2806 τά

199 2849 260 2928 μὲν
272 2845 446 2928 ἐνεδήσατο
464 2845 537 2932 ἕξει,
561 2847 602 2913 τὰ
619 2847 774 2932 δὲφύσει,
799 2847 838 2912 τά
853 2849 887 2912 δὲ
903 2854 1003 2936 ψυχῇ,
1025 2844 1064 2913 τοὶ
1089 2849 1124 2912 δὲ
1144 2851 1258 2936 λογικῇ
1273 2855 1372 2937 ψυχῇ.

202 2959 319 3018 Λίθων
343 2955 404 3035 μὲν
429 2936 487 3018 οὖν
510 2958 566 3019 καὶ
590 2955 702 3039 ξύλων,
736 2951 757 3018 111
793 2951 831 3025 dd
866 2958 921 3038 τῆς
955 2954 1117 3038 συμφυΐας
1152 2951 1373 3040 ἀπέσπασται,

202 3059 320 3140 δεσμὸν
355 3060 592 3145 κραταιότατον
625 3060 696 3138 Ιἕξιν
732 3061 897 3148 εἰργάζετο
935 3065 1021 3146 (soll.
1058 3061 1163 3139 ileo'cl·
1193 3058 1212 3144 ἡ
1243 3067 1280 3127 δέ
1306 3061 1374 3128 ἐστι

203 3173 336 3247 πνεῖμα
371 3164 578 3252 α’ναοτρέφον
611 3166 662 3252 ἐφ’
698 3167 806 3233 ἑαυτά
843 3167 979 3254 ἄρχεται
1013 3170 1075 3251 μὲν
1111 3167 1170 3253 γὰρ
1205 3166 1274 3234 α’πὸ
1310 3175 1374 3233 τῶν

201 3280 308 3355 μέσων
332 3273 389 3339 ἐπὶ
411 3273 450 3340 τὰ
476 3282 606 3359 πέρατα
628 3280 808 3359 rainaudus,
836 3279 968 3358 ψαῦσον
993 3278 1029 3339 δέ
1050 3274 1150 3356 ἄκρος
1177 3274 1374 3359 ἐπιφανείας

201 3375 415 3464 ἄνακαμπτει
442 3381 554 3466 ποὶλιν,
583 3381 673 3466 ἄχρις
702 3374 744 3447 ἄν
772 3381 830 3446 ἐπὶ
858 3379 916 3446 τὸν
946 3376 1046 3446 αὐτὸν
1075 3379 1234 3468 ἀφίκηται
1257 3381 1372 3465 τόπον,

201 3482 261 3572 ἀφ’
286 3474 325 3552 οὗ
348 3487 384 3554 τὸ
410 3495 541 3573 πρῶτον
565 3487 733 3576 81881111ηέ*
768 3491 822 3567 (cf.
851 3493 945 3568 Diog.
971 3494 1083 3556 Laert.
1109 3495 1126 3567 ζ
1148 3489 1233 3576 138).
1280 3493 1374 3557 Idam

203 3600 424 3680 Chrysippum
458 3600 608 3665 docuisse
641 3601 804 3665 Stobaeus
837 3598 871 3662 in
896 3600 1024 3678 eologis
1049 3600 1087 3674 (Ι,
1107 3598 1183 3680 374)
1209 3608 1372 3665 testatur:

202 3696 288 3767 εἶναι
311 3701 347 3768 τὸ
373 3697 410 3767 ὃν
434 3711 568 3785 πνεῦμα
593 3710 707 3767 κινοῦν
732 3701 814 3788 πρὸς
839 3699 936 3767 ἑαυτὸ
954 3707 1010 3766 καὶ
1026 3703 1055 3773 ἐξ
1072 3697 1172 3766 αὑτοῦ
1196 3694 1215 3788 ἢ
1239 3709 1373 3784 πνεῦμα

201 3808 296 3874 ἑαοτό
322 3818 434 3875 κινοῦν
457 3810 570 3894 πρόσω
602 3815 657 3874 καὶ
682 3807 817 3876 druides*
869 3813 1015 3877 Eandem
1039 3821 1149 3878 autem
1174 3815 1371 3878 sententiani

203 3922 235 3983 18
260 3923 400 4000 septimo
426 3922 569 4001 dialogo,
596 3941 689 4000 quem
723 3921 788 3986 viri
813 3921 901 3985 dooti
927 3940 1011 3984 anno
1035 3940 1066 3998 p.
1093 3921 1168 3985 Chr.
1195 3929 1305 3985 natum
1332 3926 1372 3984 58

202 4031 419 4106 conpositum
445 4047 517 4093 esse
551 4029 793 4108 iudicaverunt,
817 4029 1020 4093 invenimus:
1060 4029 1218 4104 „mundus
1244 4045 1373 4106 quoque

202 4144 321 4201 ouncta
357 4138 580 4214 complectens
616 4146 795 4215 rectorque
835 4136 983 4199 universi
1020 4136 1100 4198 deus
1135 4134 1169 4197 in
1204 4134 1374 4198 exteriora

202 4243 333 4321 quidem
358 4243 475 4324 tendit,
512 4243 569 4308 sed
609 4257 719 4307 tamen
754 4244 786 4306 in
823 4251 927 4308 totum
965 4241 1108 4320 undique
1134 4242 1166 4304 in
1192 4258 1226 4304 se
1251 4241 1370 4305 redit.“
