3224 4964
633 349 852 417 *37*

160 573 231 617 nam
257 561 296 617 ut
319 551 403 616 nihil
428 551 467 615 de
484 559 634 630 tempore
651 549 764 615 futuro
783 551 951 632 timeatur,
976 551 1049 629 ipsa
1066 558 1176 615 tamen
1193 563 1332 630 magnae

159 659 339 725 felicitatis
356 660 465 724 tutela
482 658 629 723 sollicita
648 658 720 722 111ι
735 654 827 741 (dial.
845 658 907 739 XI,
926 663 954 738 9,
974 661 1016 734 5).
1035 657 1182 722 Fruendi
1201 656 1331 735 quidem

157 769 314 846 ,voluptas
351 767 461 830 obiter
496 764 600 830 fallax
636 767 837 846 appellatur,
861 785 925 830 non
951 773 1061 830 autem
1086 766 1162 845 ipsa
1185 764 1333 828 felicitas

161 876 274 940 eiusve
309 876 403 938 bona.
442 875 542 938 Dicat
577 873 698 952 aliquis
734 873 823 938 forte
859 872 1034 954 Senecam,
1070 891 1127 937 ne
1146 873 1334 953 Polybium,

163 982 255 1046 cuius
279 982 413 1046 fortuna
437 982 471 1044 in
496 999 620 1045 summo
646 980 784 1060 fastigio
810 989 894 1062 erat,
920 981 1113 1059 offenderet,
1145 989 1212 1045 tam
1238 986 1334 1045 caute
1431 1047 1434 1053 ,

163 1091 308 1154 locutum
333 1107 415 1168 esse,
441 1088 591 1166 nihilque
617 1096 733 1152 contra
765 1088 881 1153 dicam.
926 1088 1182 1153 Animadvertas
1214 1095 1334 1168 autem,

164 1215 294 1278 quaeso,
320 1198 418 1262 etiam
456 1198 490 1260 in
526 1214 576 1276 eo,
613 1197 668 1274 qui
705 1204 855 1273 tempore
880 1196 1042 1275 sequitur,
1068 1194 1201 1274 dialogo
1227 1194 1333 1272 philo-

163 1305 300 1383 sophum
336 1306 492 1368 honestas
529 1303 658 1382 quidem
693 1321 806 1367 eorum
838 1304 993 1368 miserias
1018 1303 1188 1382 conqueri,
1215 1302 1334 1381 quibus

163 1414 203 1476 ob
225 1413 396 1476 clientium
417 1428 541 1490 greges
566 1429 806 1490 causarumque
825 1409 974 1475 actiones
995 1411 1110 1476 vivere
1132 1428 1198 1473 non
1223 1409 1335 1488 liceat,

163 1520 220 1584 sed
245 1518 386 1582 nondum
422 1517 460 1581 de
490 1536 527 1581 re
560 1519 717 1583 universa
748 1517 937 1597 disceptare
969 1513 1061 1600 (dial.
1078 1517 1121 1598 X,
1136 1522 1198 1598 7,6
1225 1523 1259 1580 et
1284 1522 1336 1596 17,

166 1628 276 1699 l—4).
311 1624 395 1689 Item
414 1624 453 1688 de
471 1626 564 1693 clem.
577 1626 604 1704 I,
621 1632 681 1706 l,7
708 1625 956 1689 infelicitatem
974 1623 1103 1689 modum
1122 1622 1335 1688 excedentem

165 1732 345 1812 invehitur,
376 1750 439 1796 non
474 1733 509 1796 in
542 1733 737 1797 felicitatem
763 1734 885 1811 ipsam:
919 1733 1040 1814 „Facit
1063 1731 1194 1810 quidem
1220 1729 1337 1796 avidos

165 1839 268 1903 nimia
293 1838 449 1922 felicitas,
466 1859 527 1904 nec
553 1848 619 1905 tam
637 1849 842 1918 temperatae
861 1840 1064 1918 cupiditates
1080 1846 1158 1903 sunt
1174 1856 1337 1918 umquem,

166 1954 203 2009 ut
238 1947 269 2010 in
306 1965 355 2028 eo,
392 1947 478 2026 quod
516 1947 689 2028 contingit,
724 1945 910 2011 desinant,“
957 1947 997 2010 In
1030 1945 1171 2024 septimo
1202 1944 1336 2024 dialogo

164 2048 301 2136 (1112)
338 2072 451 2118 veram
488 2060 724 2131 aeternamque
756 2052 955 2117 felicitatem
980 2054 1158 2132 evulgari
1183 2060 1336 2130 separat:

164 2158 391 2239 „Quaeramus
417 2177 508 2238 ergo,
534 2157 610 2237 quid
636 2160 794 2236 optimum
821 2158 912 2224 factu
929 2160 984 2240 sit,
1010 2179 1074 2223 non
1092 2159 1170 2239 quid
1187 2158 1337 2224 usitatis·

165 2266 280 2327 simum
314 2273 348 2327 et
382 2264 460 2343 quid
484 2283 545 2328 nos
569 2265 603 2328 in
639 2267 851 2343 possessione
876 2265 1054 2332 felicitatis
1079 2274 1235 2332 aeternae
1261 2284 1336 2330 con·

165 2369 296 2450 stituat,
322 2390 387 2434 non
412 2371 510 2450 quid.
527 2423 556 2439 ..
582 2374 682 2452 volgo
700 2372 865 2451 placeat.“
891 2373 1036 2439 Gravius
1057 2392 1128 2439 eam
1152 2375 1337 2438 insectatur

165 2479 208 2542 ib.
226 2483 321 2558 14,2:
358 2530 388 2558 „.
405 2531 409 2542 .
427 2531 432 2542 .
448 2479 592 2557 plurium
617 2499 735 2546 servus
760 2487 822 2563 est,
847 2500 943 2561 quem
966 2480 1098 2546 felicem
1122 2481 1243 2561 volgus
1281 2480 1337 2544 ad-

165 2585 303 2664 pellat.“
350 2585 453 2668 Quam
478 2589 597 2652 acerbe
622 2596 743 2669 autem,
770 2608 866 2668 quam
891 2589 1105 2667 contemptim
1130 2589 1165 2652 in
1182 2589 1337 2666 epistulis

164 2691 308 2757 iudicat!
357 2694 518 2782 Ep.l,30,8
544 2695 607 2758 boe
632 2697 749 2760 babet:
776 2696 886 2772 „Idem
912 2696 952 2760 de
978 2697 1055 2761 istis
1078 2697 1163 2759 licet
1186 2696 1337 2759 omnibus

164 2800 265 2880 dicas,
292 2819 374 2880 quos
398 2819 499 2879 supra
524 2802 635 2879 capita
659 2801 824 2866 hominum
842 2821 1008 2881 supraque
1025 2805 1156 2866 turbam
1174 2802 1337 2866 delicatos

166 2905 288 2970 lectica
313 2907 502 2986 suspendit:
529 2908 670 2972 omnium
694 2909 834 2973 istorum
871 2916 1050 2987 personata
1082 2907 1230 2973 felicitas
1255 2907 1338 2974 est.“

165 3010 335 3089 Insignior
370 3015 616 3094 notabiliorque
653 3016 708 3080 bio
744 3017 839 3081 loeus
875 3024 941 3081 est:
980 3017 1165 3097 „Miramur
1189 3016 1336 3096 parietes

164 3118 256 3181 tenui
295 3137 455 3186 marmore
492 3122 656 3204 inductoS,
694 3143 765 3188 cum
791 3125 944 3205 solamne,
978 3125 1075 3203 quale
1099 3125 1145 3188 sit
1169 3123 1256 3202 quod
1281 3124 1337 3186 ab·

166 3223 349 3288 sconditur.
397 3227 512 3293 Oculis
549 3231 676 3295 nostris
712 3231 919 3311 imponimus,
956 3239 990 3295 et
1026 3250 1098 3295 cum
1134 3249 1215 3294 auro
1246 3237 1338 3294 tecta

165 3329 380 3411 perfodimus,
406 3333 481 3412 quid
514 3335 604 3399 aliud
630 3356 726 3416 quam
755 3336 926 3400 mendacio
952 3336 1161 3416 gaudemus?
1208 3337 1337 3401 Scimus

165 3437 249 3500 enim
268 3439 328 3502 sub
346 3439 406 3502 illo
424 3458 505 3502 auro
522 3438 619 3505 foeda
635 3443 728 3522 ligna
745 3444 892 3509 latitare.
917 3443 986 3506 Neo
1002 3450 1130 3507 tantum
1149 3442 1336 3522 parietibus

164 3551 222 3608 aut
258 3545 471 3610 lacunaribus
505 3555 731 3613 ornamentum
767 3557 867 3614 tenue
904 3549 1151 3629 praetenditur:
1194 3550 1336 3613 omnium

162 3650 314 3731 istorum,
340 3671 422 3730 quos
447 3653 601 3718 incedere
637 3656 725 3720 altos
750 3655 854 3736 videa,
879 3657 1052 3720 bracteata
1076 3655 1224 3721 felicitas
1249 3654 1333 3720 est.“

164 3758 316 3840 (epus,
344 3758 388 3843 9).
426 3759 585 3826 Conferas
621 3769 729 3827 autem
766 3763 867 3827 velim
904 3763 989 3828 hane
1024 3765 1202 3829 verborum
1238 3783 1336 3844 gran-

165 3863 301 3929 ditatem
326 3868 600 3948 splendoremque
635 3888 707 3933 cnm
732 3869 898 3934 similibus
923 3871 1119 3949 quibusdam
1143 3871 1239 3949 primi
1268 3871 1337 3935 dia·

165 3968 233 4046 logi
258 3983 300 4044 (e.
314 3978 344 4051 6,
356 3977 405 4050 4l2
443 3976 538 4057 „Isti
564 3995 646 4056 quos
671 3995 731 4055 pro
760 3976 918 4042 felicibus
947 3979 1104 4060 adspicis,
1130 3979 1159 4044 si
1184 3998 1248 4043 non
1272 3996 1337 4056 qua

165 4085 356 4156 occurrunt,
373 4081 429 4142 sed
448 4101 511 4159 qua
528 4084 645 4164 latent,
662 4084 799 4164 videris,
817 4085 930 4150 miseri
947 4093 1034 4166 sunt,
1052 4084 1191 4165 sordidi,
1208 4092 1336 4166 turpes,

164 4181 204 4245 ad
229 4182 476 4250 similitudinem
512 4191 678 4265 parietum
715 4211 847 4257 suorum
886 4194 1096 4257 extrinsecus
1122 4192 1215 4256 culti.
1263 4193 1335 4257 Non

164 4297 217 4354 est
240 4290 307 4354 ista
331 4291 440 4356 solida
476 4300 509 4356 et
544 4294 675 4360 sincera
710 4297 877 4364 felicitas:
914 4305 1029 4362 crusta
1063 4304 1116 4362 est
1146 4298 1337 4377 etquidem
